2372 4108
897 326 1021 374 PARS
1050 325 1218 372 PRIMA.
1913 327 1965 373 11
1977 326 2001 374 ‘1

117 432 226 490 nisi
271 439 547 507 quatenus
588 434 887 492 concilium
918 434 975 489 id
1006 433 1219 507 judicet
1250 433 1397 506 quod
1437 433 1556 509 ipse
1587 433 1860 491 sententia
1899 451 2002 490 sua

116 532 590 606 pronuntiaverat.
625 532 741 598 Qua
776 532 1022 607 profecto
1048 530 1247 603 agendi
1274 531 1489 588 ratione
1515 538 1567 589 et
1590 531 2002 606 jurisdictionis

114 629 419 704 primatum
468 637 519 687 et
561 647 879 706 supremam
932 628 990 684 in
1029 628 1342 685 definienda
1384 629 1492 686 fide
1533 635 1859 705 potestatem
1893 630 1999 686 sibi

111 726 379 782 vindicat.

188 825 239 882 6.
284 826 344 880 In
383 824 500 881 suis
538 825 604 881 ad
647 825 979 901 Ephesinam
1020 823 1296 902 synodum
1338 823 1541 880 litteris
1578 844 1588 876 :
1638 825 2003 882 «Direximus

114 942 211 998 pro
242 929 428 980 nostra
456 923 833 980 sollicitudine
857 929 1077 979 sanctos
1111 923 1312 978 fratres
1346 927 1398 977 et
1424 922 1847 977 consacerdotes
1878 940 2006 978 nos-

113 1028 248 1095 tros,
276 1023 571 1079 Arcadium
614 1030 665 1079 et
700 1024 1012 1097 Projectum
1050 1022 1370 1097 EpiscopOS,
1405 1027 1457 1078 et
1488 1021 1802 1096 Philippum
1855 1038 2007 1095 pres-

115 1118 363 1193 byterum
403 1126 677 1187 nostrum3
717 1119 814 1192 qui
858 1119 927 1176 iis
958 1137 1078 1191 quae
1117 1124 1364 1190 aguntur
1401 1117 1685 1186 intersint,
1732 1123 1785 1172 et
1829 1134 1939 1188 quae
1976 1135 2007 1171 a

114 1215 257 1269 nobis
283 1223 399 1270 ante
428 1221 624 1270 statuta
649 1222 769 1270 sunt
794 1221 1135 1286 exequantur.
1173 1211 1361 1278 Quibus
1388 1212 1752 1286 praestandum
1784 1231 1815 1267 a
1838 1220 2008 1267 vestra

115 1314 389 1366 sanctitate
420 1329 524 1365 non
568 1313 860 1366 dubitamus
894 1328 1214 1365 assensum»
1255 1308 1439 1382 (ibid.,
1487 1308 1593 1365 col.
1653 1308 1848 1381 1162).
1891 1308 2006 1363 Non

117 1426 242 1479 ergo
273 1408 402 1463 sinit
436 1413 659 1463 sanctus
697 1407 1022 1463 Coelcstinus
1065 1413 1222 1463 antea
1259 1406 1680 1487 pronuntiatam
1720 1425 1749 1461 a
1781 1424 1839 1461 se
1882 1424 2006 1460 sen-

122 1506 350 1560 tentiam
393 1507 450 1560 in
491 1506 698 1579 synodo
740 1505 1000 1576 judicari,
1047 1505 1140 1560 sed
1182 1506 1298 1560 vult
1341 1522 1461 1560 eam
1512 1506 1810 1559 executioni
1858 1521 2005 1558 man-

125 1603 263 1656 clari.

195 1700 406 1754 SANCTUS
426 1700 595 1754 X1srus
623 1700 707 1767 ΙΙΙ,
741 1706 957 1754 creatus
982 1701 1229 1756 Pontifex
1259 1718 1403 1754 anno
1432 1700 1560 1756 452.

198 1794 248 1847 1.
292 1794 350 1846 ln
372 1793 571 1848 litteris
590 1793 706 1847 suis
729 1793 797 1847 ad
812 1794 1077 1848 Joannem
1101 1794 1501 1868 Antiocbcnum
1522 1793 1880 1868 Episcopum,
1911 1797 2006 1867 qui

116 1889 358 1962 primum
382 1889 628 1944 Nestorio
656 1889 956 1944 adhaeserat
982 1896 1034 1944 et
1064 1896 1251 1963 postea
1284 1890 1596 1963 resipuerat
1628 1912 1638 1943 :
1679 1891 2006 1966 «Expertus

114 2004 192 2055 cs,
221 1985 421 2058 negotii
448 1985 735 2059 praesentis
762 1992 957 2041 eventu
980 2030 994 2055 ,
1029 1988 1151 2058 quid
1172 1989 1241 2042 sit
1271 1991 1469 2042 sentire
1492 1990 1775 2045 nobiscum.
1805 1988 2003 2045 Beatus

114 2083 301 2138 Petrus
330 2083 621 2157 Apostolus
662 2083 718 2138 in
754 2084 1167 2139 successoribus
1221 2085 1374 2154 suiS,
1429 2086 1575 2157 quod
1621 2087 1859 2161 accepit,
1902 2089 2005 2143 hoc

113 2180 355 2237 tradidit.
406 2181 536 2244 Quis
570 2182 637 2236 ab
668 2182 786 2254 ejus
819 2200 875 2237 se
909 2183 1038 2238 velit
1069 2200 1325 2256 separare
1352 2184 1604 2239 doctrina
1625 2229 1639 2255 ,
1688 2203 1853 2256 quern
1886 2186 2002 2260 ipsc

114 2278 257 2333 inter
274 2279 555 2352 Apostolos
585 2279 831 2354 primurn
862 2281 1129 2353 magister
1157 2281 1417 2337 edocuit?
1447 2303 1473 2334 »
1509 2282 1687 2356 (Apud
1713 2283 2001 2355 Constant,

116 2375 216 2429 col.
255 2375 424 2446 1260,
473 2376 604 2432 edit.
644 2376 901 2446 Parisiis,
963 2378 1156 2449 1721.)
1212 2378 1291 2434 Ibi
1339 2379 1653 2435 declaratur
1702 2382 2001 2438 necessitas

117 2475 368 2529 sentiendi
402 2492 514 2530 cam
545 2475 783 2531 Romano
824 2477 1078 2548 Pontifice
1101 2520 1116 2547 ,
1158 2495 1219 2532 ac
1253 2478 1486 2552 proinde
1522 2497 1784 2553 suprema
1824 2480 2000 2554 ipsius

122 2576 354 2643 potestas
377 2571 443 2627 de
468 2572 574 2628 fide
606 2573 952 2629 decernendi.

194 2668 245 2723 2.
289 2669 345 2724 ln
384 2670 585 2726 litteris
636 2671 751 2726 suis
796 2672 862 2726 ad
910 2673 1181 2746 synodum
1224 2673 1623 2730 Thessalonicae
1664 2692 2002 2748 congregan—

121 2764 244 2820 dam
264 2810 277 2834 ,
307 2774 491 2823 monet
529 2786 720 2824 omnes
747 2786 843 2843 per
869 2769 1154 2843 Illyricum
1191 2771 1524 2827 constitutos
1562 2772 1856 2847 Episcopos
1876 2817 1888 2841 ‚
1939 2781 2000 2829 ut

122 2863 333 2919 subsint
383 2883 444 2920 ac
508 2873 739 2939 pareant
801 2867 1116 2923 auctoritati
1172 2868 1445 2924 Anastasii
1495 2870 1998 2927 Thessalonicensis

118 2957 385 3035 Episcopi,
427 2979 488 3017 eo
520 2963 667 3035 quod
697 2963 744 3018 is
767 2965 904 3019 seclis
924 2964 1226 3038 Apostolieae
1248 2969 1382 3022 vices
1410 2974 1594 3040 ageret
1620 2969 1801 3040 quoad
1827 2969 1996 3043 ipSOS,

115 3062 164 3111 ct
210 3058 278 3112 ob
330 3059 498 3114 istum
539 3060 654 3135 ipsi
709 3080 738 3116 a
780 3061 908 3117 sede
953 3062 1198 3120 Romana
1241 3065 1604 3121 commissum
1651 3069 1998 3134 vicariatum,

108 3153 551 3223 jurisdictionem
586 3158 644 3211 in
676 3177 866 3214 omnes
896 3159 1019 3216 illas
1050 3162 1355 3235 provincias
1393 3164 1619 3219 haberet
1665 3184 1674 3215 z
1728 3185 1754 3215 «
1779 3163 1996 3231 Nullu5‚

115 3249 325 3321 inquit,
373 3251 551 3307 obviet
589 3254 906 3312 salubribus
932 3260 1250 3315 constitutis
1292 3284 1302 3315 z
1341 3261 1533 3316 nullus
1557 3260 1997 3333 praeceptionibus

114 3347 200 3402 liis
224 3348 472 3403 resultet.
503 3348 745 3405 Habeant
766 3352 1034 3409 honorem
1054 3374 1220 3411 suum
1236 3355 1642 3430 Metropolitani
1666 3355 1997 3428 (provincia-

114 3446 261 3518 rum)
306 3445 649 3517 singularum
671 3489 684 3515 ,
734 3447 883 3503 salvo
930 3451 1099 3522 hujus
1138 3454 1213 3524 (id
1249 3461 1325 3507 est
1354 3452 1640 3522 Anastasii)
1674 3451 1957 3526 privilegio
1980 3499 1995 3526 ,

116 3559 261 3613 quem
291 3543 548 3598 honorare
570 3543 786 3598 debeant
820 3545 1040 3618 amplius
1072 3548 1332 3603 honorati
1380 3547 1438 3601 ln
1463 3546 1743 3622 provincia
1781 3567 1880 3605 sua
1900 3551 1994 3624 jus

118 3637 352 3695 habeant
391 3641 685 3696 ordinandi
739 3663 749 3695 :
798 3641 891 3696 scd
937 3644 1037 3697 hoc
1084 3644 1415 3717 (Anastasio)
1453 3643 1624 3700 inscio
1658 3645 1741 3702 vel
1780 3645 1951 3704 invito
1976 3694 1989 3719 ‚

122 3750 278 3805 quem
321 3738 387 3795 de
424 3739 684 3796 omnibus
730 3740 962 3797 volumus
1008 3742 1451 3800 ordinationibus
1494 3743 1746 3816 consuli,
1803 3747 1994 3804 nullus
