2372 4108
356 252 439 299 ,62
1054 237 1349 284 rimemus
1380 237 1445 283 DE
1476 238 1621 285 PAPA.

383 367 506 418 sent
535 360 679 414 facta
710 373 772 409 ex
806 365 1050 422 quorum
1083 345 1320 402 veritate
1346 345 1624 420 pendebat
1653 346 1820 406 istius
1857 350 2116 408 Ecclesiae
2157 371 2292 408 con-

381 456 599 516 stitutio
638 458 689 507 et
728 447 966 512 veritas3
998 461 1186 519 neque
1211 445 1529 520 potuissent
1560 445 1766 504 adduci
1791 454 1855 506 ut
1881 452 2286 509 communione

378 560 431 612 et
460 530 776 607 ohedierfiia
811 544 1278 601 consociarentur
1299 550 1353 602 et
1384 544 1805 618 subjicerentur
1820 546 2072 606 Romano
2103 551 2291 606 Ponti-

373 649 483 715 fici,
504 645 616 702 nisi
641 644 987 701 constitisset
1016 643 1086 700 de
1111 643 1274 700 factis
1301 662 1367 701 ex
1400 661 1647 717 quorum
1685 644 1920 702 veritate
1947 652 2064 703 tota
2092 649 2280 724 ipsius

374 744 652 819 pendebat
681 743 984 800 Ecclesiam
1021 742 1250 816 regendi
1301 747 1569 818 potestas,
1615 743 1758 817 Ergo
1796 743 1940 800 sacta
1991 747 2128 816 haec,
2179 747 2291 803 nisi

374 844 613 900 fuissent
631 843 867 899 veritate
888 842 1215 916 conspicua,
1239 860 1537 915 nunquam
1565 842 1716 899 credi
1742 843 2045 919 coepissent
2069 866 2079 912 ;
2120 850 2172 901 et
2190 846 2293 902 fal-

374 943 531 1012 sitas,
563 942 610 998 si
642 959 765 1022 quae
781 941 1002 1009 fuisset,
1034 940 1227 996 statim
1250 940 1464 997 detecta
1484 940 1707 998 fuisset.
1736 941 1878 1014 Ergo
1905 960 2009 998 nec
2041 943 2294 1018 incipere

374 1043 671 1119 potuisset,
712 1046 764 1097 et
806 1041 986 1096 multo
1014 1040 1207 1096 minus
1237 1058 1337 1116 per
1385 1046 1571 1096 totum
1604 1040 1797 1096 orbem
1843 1040 2091 1096 diffundi
2118 1048 2289 1116 atque

372 1141 638 1216 deinceps
661 1158 993 1216 permanere
1016 1139 1435 1209 testimonium,
1458 1139 1625 1213 quale
1644 1139 1856 1210 existit,
1878 1139 1946 1196 de
1963 1139 2126 1196 sactis
2145 1140 2289 1198 istis.

372 1272 442 1280 —
485 1239 722 1314 Insuper
766 1237 1158 1295 testimonium
1200 1238 1354 1294 istud
1405 1238 1741 1314 saepissime,
1800 1240 2141 1294 saeculorum
2198 1239 2292 1297 de-

365 1358 563 1407 cursii‚
594 1339 788 1395 debuit
815 1339 885 1393 ad
912 1357 1147 1394 examen
1175 1338 1423 1394 revocari
1444 1338 1513 1394 ab
1543 1338 1848 1408 llaereticiS‚
1882 1339 2286 1410 schismaticiS,

368 1443 420 1493 et
453 1437 522 1493 iis
549 1437 816 1493 omnibus
851 1437 949 1509 qui
990 1437 1195 1510 jugum
1228 1435 1450 1491 Summi
1481 1435 1765 1492 Pontificis
1801 1443 2062 1493 excutere
2098 1438 2291 1494 volue-

364 1543 521 1592 runt.
557 1536 711 1591 Unde
739 1536 825 1590 vel
858 1536 911 1590 vi
940 1534 1195 1590 veritatis
1226 1533 1467 1590 convicti
1498 1533 1644 1588 facta
1668 1536 1786 1589 haec
1814 1541 1867 1590 et
1899 1535 2007 1609 ipsi
2040 1535 2284 1592 admise-

364 1643 523 1706 runt,
557 1637 641 1692 vel
669 1635 716 1692 si
767 1635 905 1707 quid
946 1640 1142 1689 contra
1173 1633 1463 1689 veritatem
1515 1632 1684 1689 istam
1717 1633 1897 1706 aliqui
1945 1635 2288 1708 excogitave-

363 1737 501 1804 rint,
531 1735 634 1790 fuit
660 1734 894 1788 omnino
914 1733 1214 1800 imbecille,
1239 1750 1301 1786 ac
1324 1732 1602 1786 caducum
1634 1756 1643 1798 3
1677 1733 1752 1787 ita
1783 1739 1846 1786 ut
1878 1732 2274 1790 testimonium

367 1834 685 1889 universale
711 1832 1036 1887 nullatenus
1060 1831 1306 1905 potuerit
1342 1831 1648 1900 debilitari,
1674 1849 1776 1886 nec
1813 1831 1996 1887 ullum
2037 1834 2286 1907 supersit

365 1931 666 2004 vestigium
712 1931 951 1984 istarum
987 1928 1507 2003 impugnationum,
1555 1935 1606 1985 et
1652 1930 1855 1986 merito
1886 1931 2079 2004 negari
2111 1931 2288 2005 possit

368 2048 461 2086 eas
497 2028 799 2102 aliquando
824 2028 1109 2093 extitisse:
1147 2034 1198 2083 et
1234 2028 1545 2101 praesertim
1600 2028 1658 2082 in
1706 2028 1776 2083 iis
1820 2028 2042 2084 saeculis
2077 2030 2286 2102 quibus

366 2129 644 2184 factorum
660 2129 727 2184 ist
739 2148 899 2183 orum
918 2127 1187 2183 memoria
1204 2145 1397 2182 recens
1412 2133 1553 2197 erat,
1569 2134 1619 2183 et
1640 2128 1861 2184 facilius
1878 2130 2157 2204 potuisset
2175 2135 2288 2188 tes-

362 2227 583 2283 timonii
600 2227 765 2283 istius
780 2227 861 2282 vis
880 2225 1135 2298 infringi.
1154 2226 1316 2297 ErgO,
1330 2225 1626 2280 consensio
1641 2225 1884 2282 istorum
1899 2228 2196 2283 hominum
2217 2227 2276 2283 in

361 2326 705 2382 admittenda
727 2325 1007 2380 factorum
1023 2324 1264 2379 istorum
1276 2323 1510 2379 veritate
1530 2329 1610 2379 est
1627 2324 1798 2379 etiam
1818 2324 2093 2380 invictum
2110 2325 2279 2381 istius

356 2424 610 2480 veritatis
643 2430 1066 2497 argumentum.
1096 2457 1162 2463 —-
1182 2423 1450 2478 Praeterea
1470 2422 1605 2478 fides
1628 2422 1968 2478 universalis
1988 2442 2099 2496 qua
2121 2442 2276 2479 nunc

356 2522 668 2579 creduntur
698 2523 843 2578 facta
872 2521 1136 2595 praedicta
1166 2521 1438 2588 ascendit,
1472 2539 1569 2595 per
1603 2522 2035 2594 generationum
2070 2540 2272 2597 praece-

356 2618 612 2677 dentium
632 2621 858 2688 seriem,
884 2639 1065 2692 usque
1084 2620 1151 2674 ad
1170 2627 1396 2694 tempus
1417 2638 1528 2692 quo
1549 2620 1695 2675 facta
1719 2621 1834 2675 haec
1852 2620 2041 2675 locum
2062 2620 2272 2676 habue-

354 2727 511 2787 runt;
533 2739 636 2776 nec
659 2725 833 2795 potest
855 2719 1131 2791 assignari
1150 2719 1306 2775 aliud
1324 2726 1551 2795 tempus
1571 2738 1683 2793 quo
1695 2719 1832 2775 fides
1851 2719 1957 2776 ista
1974 2720 2270 2795 inceperit,

354 2834 539 2888 neque
572 2825 768 2874 auctor
805 2817 994 2884 illius;
1030 2836 1213 2890 neque
1244 2818 1547 2874 memorari
1583 2824 1819 2892 possunt
1849 2818 1979 2873 ullae
2005 2816 2276 2874 reclama-

325 2900 328 2902 *
353 2912 536 2969 tiones
567 2921 763 2970 contra
794 2914 1157 2971 mendacium
1190 2915 1344 2971 istud
1367 2922 1590 2971 exortae.
1627 2917 1796 2988 Atqui
1840 2923 2031 2973 tamen
2056 2916 2103 2971 si
2131 2915 2262 2989 quis

351 3011 621 3068 inducere
669 3012 937 3068 voluisset
981 3014 1126 3068 hanc
1167 3012 1359 3084 fidem,
1396 3032 1509 3085 qua
1553 3013 1920 3068 crederentur
1957 3014 2100 3069 facta
2152 3016 2266 3068 haec

328 3128 474 3183 ‘quae
496 3110 637 3167 falsa
673 3111 915 3167 fuissent
942 3118 994 3168 et
1037 3112 1106 3167 de
1133 3112 1342 3185 quihus
1373 3111 1519 3167 nihil
1547 3130 1804 3184 unquam
1830 3111 2090 3168 auditum
2120 3111 2258 3166 fuis·

350 3216 454 3279 set,
483 3210 715 3267 retineri
755 3211 1081 3267 debuissent
1112 3212 1453 3286 populorum
1486 3210 1784 3281 memoria,
1813 3211 2049 3266 historia
2077 3216 2129 3266 et
2153 3228 2271 3266 mo-

348 3308 639 3364 numentis
683 3309 963 3384 praedictae
1008 3308 1451 3366 circumstantiae
1497 3309 1663 3366 istius
1712 3308 2069 3365 mutationiS.
2112 3307 2251 3364 Nam

348 3406 492 3463 facta
516 3407 650 3464 adeo
677 3408 867 3482 gravia
894 3427 1020 3482 quae
1047 3409 1535 3465 fuissentomnino
1557 3407 1814 3464 inaudita
1843 3414 1895 3463 et
1922 3407 2114 3478 ignota
2134 3424 2253 3460 non

352 3503 598 3562 admissa
632 3506 910 3574 fuissent;
957 3527 1060 3564 nec
1102 3508 1223 3564 sine
1262 3508 1691 3564 vehementibus
1736 3502 2258 3576 1‘eclamationibuS‚
2343 3507 2350 3514 ’

351 3598 876 3675 impugnationibus
906 3612 955 3662 et
997 3606 1544 3662 contradictionibus
1595 3603 1785 3660 audita
1811 3600 2087 3669 fuissent;
2122 3617 2263 3676 prae-

353 3688 545 3752 sertim
571 3718 702 3757 cum
722 3703 868 3759 sacta
891 3704 998 3758 ista
1024 3710 1341 3773 mutassent
1359 3709 1534 3759 totam
1563 3698 1846 3758 societatis
1878 3697 2264 3755 ecclesiasticae
