2320 4010
208 134 212 137 ’
273 146 362 191 458
946 131 1251 187 'raAcTATus'
1275 116 1342 184 ῐῐΕ
1371 137 1518 185 PAPA.

277 253 372 309 ille
413 250 622 307 Praesul
655 254 934 323 tanquam
964 246 1280 319 haeretieOS‚
1317 264 1411 303 eos
1446 262 1644 303 omnes
1696 248 1784 319 qui
1832 246 2070 304 Ecclesiae
2101 247 2196 306 Ro-
2280 235 2320 275 '¹

276 367 451 407 manae
471 366 578 404 reon
615 349 976 412 concordanti,-
1015 352 1071 403 et
1100 352 1378 419 tanquam
1409 344 1703 401 haereticae
1741 343 2038 419 pravitatis
2063 332 2225 404 nota-⁸

278 449 500 522 dignOS,
531 450 618 522 qui
654 447 806 505 Sedis
833 441 1135 521 apostolica:
1149 447 1362 520 judiciis
1393 453 1446 501 et
1487 444 1939 501 constitutionibus
1967 444 2192 502 obviant.
2261 446 2287 515 j

277 546 452 619 Igitur
471 545 579 621 ipsi
602 546 935 603 nullatenus
969 546 1143 602 dubia
1165 551 1286 601 erat
1314 543 1649 618 dogmaticis
1665 543 1836 600 etiam
1852 543 2007 605 Sedis
2032 544 2199 619 Apos-
2245 581 2293 675 ἢ

278 645 458 702 tolicae
489 645 736 704 decretis·
755 644 1017 721 parendi,
1055 645 1112 700 id
1142 650 1248 715 est,
1277 643 1359 700 eis
1393 643 1660 699 credendi
1697 642 1987 716 obligatio,
2022 641 2198 706 Quam
2255 647 2279 706 ἐ

280 760 416 799 sane
449 742 847 816 obligationem
883 761 996 799 non
1029 741 1372 811 admisisset,
1406 741 1453 797 si
1482 740 1660 797 errori
1694 740 1933 797 obnoxia
1965 758 2065 797 seu
2100 741 2200 798 fal·
2270 781 2277 794 ,

187 862 190 865 ·
281 843 462 900 libilia
497 843 720 900 decreta
756 843 852 900 illa
884 842 1281 900 existimasset.

358 942 678 999 Consonant
711 943 876 999 verba
906 944 1021 998 haec
1053 942 1234 1016 ipsius
1263 941 1513 1016 epistolae
1555 940 1624 996 ad
1669 939 1959 1013 Hugonem
1986 938 2203 1013 Lugdu-2

284 1058 518 1098 nensem
557 1041 1056 1116 Arehiepiseopum
1101 1048 1155 1097 et
1185 1040 1344 1095 Sedis
1375 1039 1705 1114 Apostolicae
1737 1039 1985 1112 legatum
2019 1060 2030 1092 :
2061 1059 2087 1091 «
2125 1040 2208 1095 ln-

287 1163 315 1193 «
345 1138 584 1195 terdicta
613 1156 713 1194 seu
746 1139 1012 1194 mandata
1036 1157 1136 1211 pro
1167 1141 1292 1210 fidei
1320 1141 1646 1211 defensione,
1677 1156 1778 1212 pro
1805 1138 2055 1194 fidelium
2086 1157 2206 1195 eor-
2240 1175 2242 1178 v

289 1258 315 1287 «
353 1236 620 1307 rectione,
652 1254 753 1310 pro
783 1237 1187 1292 sceleratorum
1214 1236 1638 1306 emendatione,
1658 1253 1760 1308 pro
1779 1228 2206 1294 imminentium
2272 1254 2294 1315 Q

289 1357 316 1387 «
349 1335 437 1390 vel
476 1334 809 1390 futurorum
841 1334 1124 1389 malorum
1165 1332 1584 1402 interdictione,
1619 1333 1977 1408 promulgata
2007 1354 2036 1391 a
2073 1337 2209 1396 Sede

290 1455 316 1487 «
347 1434 688 1510 Apostoliea,
738 1434 818 1490 sie
864 1433 1131 1490 volumus
1173 1435 1496 1503 observare,
1526 1438 1590 1488 ut
1633 1433 1815 1508 parati
1858 1434 2059 1507 simus,
2099 1439 2208 1495 Deo

290 1556 315 1584 «
349 1542 703 1609 cooperante,
752 1514 1018 1606 quaelibet
1071 1533 1301 1590 adversa
1337 1551 1439 1608 pro
1479 1551 1675 1589 eorum
1719 1531 2037 1591 defensione
2077 1538 2210 1593 tole-

293 1655 320 1686 «
350 1650 525 1688 rare»
554 1632 747 1706 (citato
786 1639 963 1703 tomo,
995 1633 1230 1707 epistola
1259 1653 1325 1705 LI,
1367 1633 1471 1689 eol.
1509 1633 1625 1701 71).
1659 1633 1922 1689 Mandatis
1956 1651 2053 1705 pro
2089 1637 2210 1706 fidei
2241 1684 2246 1688 i

291 1732 600 1804 defensione
628 1732 1068 1788 annumeranda}
1088 1732 1284 1806 utique
1314 1739 1447 1788 sunt
1476 1731 1829 1788 definitiones
1851 1731 2207 1806 dogmatieae3

292 1830 499 1903 quibus
525 1837 587 1887 ut
607 1830 1056 1905 obtemperetur,
1086 1849 1316 1886 neeesse
1332 1836 1412 1886 est
1433 1849 1525 1886 eas
1544 1848 1702 1885 veras
1725 1829 1898 1885 credi.
1924 1830 2210 1905 Repugnat

294 1938 481 1987 autem
512 1929 781 2002 obligatio
807 1948 1002 1986 verum
1037 1930 1301 1986 credendi
1339 1930 1490 2002 quod
1525 1947 1829 1986 erroneum
1863 1947 1985 1985 esse
2012 1934 2207 2005 potest.

293 2028 626 2085 Infallibiles
671 2047 802 2102 ergo
850 2029 1128 2104 ejusmodi
1178 2030 1535 2104 definitiones
1587 2030 1944 2086 existimabat
1989 2038 2213 2089 sanetus
2279 2091 2282 2094 ,

294 2129 406 2184 lm.

371 2220 649 2278 Consonat
690 2221 920 2278 initium
957 2221 1208 2296 epistolae
1245 2242 1359 2277 cmx
1392 2223 1583 2295 (citato
1616 2228 1792 2293 tome,
1836 2224 1941 2279 eol.
1984 2224 2116 2297 164)
2147 2223 2213 2280 ad
2261 2296 2264 2300 ι

294 2319 618 2377 Paschalem
654 2322 859 2395 Papam
893 2343 903 2375 ε
943 2321 1278 2385 «Quoniam
1314 2321 1531 2397 judicia
1574 2322 1837 2378 Romanae
1882 2323 2138 2380 Ecclesiae
2188 2343 2215 2380 a

299 2441 325 2471 «
355 2420 584 2477 nemine
614 2420 749 2477 foris
800 2421 1090 2477 retractari
1134 2440 1298 2495 posse
1329 2421 1522 2478 eadem
1555 2422 1805 2476 Romana
1838 2421 2079 2495 Ecclesia
2125 2423 2216 2478 do-

298 2539 325 2570 «
357 2524 518 2574 cente
543 2518 877 2590 didicimus,
904 2542 930 2572 »
967 2525 1073 2576 etc.
1100 2520 1237 2575 Item
1264 2527 1422 2595 parte
1453 2520 1491 2575 V
1517 2520 1749 2590 Decreti,
1781 2526 1833 2576 et
1862 2519 2005 2576 libro
2032 2520 2094 2576 IV
2115 2521 2218 2578 Pa-

294 2619 530 2686 normiae,
561 2616 658 2671 ubi
704 2617 885 2673 multa
921 2617 1071 2674 eirea
1118 2621 1426 2692 primatum
1466 2618 1730 2674 Romanae
1772 2618 2032 2675 Ecclesiae
2089 2637 2218 2675 eon-
2285 2687 2292 2701 „

297 2714 470 2785 gessit
521 2714 574 2769 S.
636 2716 748 2786 Im,
787 2716 1187 2791 multipliciter
1229 2718 1391 2791 argui
1428 2723 1611 2793 potest
1644 2718 1824 2793 ipsius
1881 2718 1947 2773 de
1984 2718 2218 2776 Romani

298 2812 578 2868 Pontifieis
615 2813 929 2870 inerrantia
963 2817 1280 2888 persuasio·

373 2909 659 2965 Pssoposmo
715 2911 812 2966 Lla.
870 2945 939 2953 —
983 2912 1188 2970 Saeculo
1240 2915 1548 2970 duodecimo
1609 2917 1833 2988 viyu‘isse
1887 2917 1950 2971 (Ie
2000 2916 2220 2972 Romani

302 3009 571 3082 pontificis
630 3011 1013 3084 infallibilitate
1069 3016 1497 3085 persuasionem,
1566 3022 1771 3070 constat
1829 3033 1894 3070 eoe
1972 3016 2216 3072 Anselmo

299 3109 708 3184 Havelberqensi
758 3111 1034 3185 Episcopo,
1080 3145 1150 3153 —
1182 3113 1261 3168 Ab
1313 3113 1653 3188 imperatore
1701 3115 1961 3171 Lothario
2003 3115 2216 3188 legatus
2253 3117 2262 3127 '

299 3208 840 3285 Constantinopolim
870 3210 1082 3266 missus
1111 3212 1296 3267 fuerat
1322 3213 1648 3281 AnselmuS,
1684 3214 1873 3288 ibique
1902 3215 2126 3289 publice
2153 3213 2216 3269 dc
2259 3237 2264 3244 ·

301 3309 621 3365 Graecorum
653 3309 939 3366 erroribus
998 3310 1382 3384 disputaverat
1418 3313 1689 3369 adversus
1731 3314 2020 3370 Nechitem
2060 3313 2215 3368 Nico-

302 3408 651 3466 mediensem
676 3409 1039 3484 Episcopum.
1070 3411 1229 3466 Anno
1262 3412 1429 3484 1149,
1460 3419 1687 3487 rogatus
1720 3432 1749 3469 a
1773 3415 2008 3470 Summo
2035 3411 2216 3469 Ponti-

303 3498 404 3563 fiee
443 3514 506 3563 ut
542 3509 710 3586 hasce
757 3508 1193 3582 disceptationes
1249 3510 1476 3585 scriptis
1526 3511 1842 3582 mandaret,
1891 3517 2003 3566 tres
2045 3508 2215 3566 edidit

305 3605 646 3679 Dialoyorum
681 3608 875 3664 libros⁸
913 3607 1004 3663 Sic
1033 3614 1225 3665 autem
1260 3609 1426 3667 habet
1462 3609 1606 3666 libro
1634 3610 1722 3681 111,
1752 3608 1998 3683 capitulo
2034 3628 2100 3662 v:
2172 3608 2175 3610 ’
