2320 4010
795 233 799 237 ,
889 185 1018 239 PARS
1046 183 1215 239 PRIMA.
1909 182 1998 238 175

117 301 351 356 matum.
382 297 534 363 Quod
561 298 643 357 sio
665 298 864 357 merito
890 305 1178 374 arguatur,
1221 295 1330 354 nisi
1349 313 1447 370 per
1463 312 1522 353 se
1545 298 1784 371 pateret,
1813 294 1993 354 evinci

117 402 296 471 posset
318 397 644 471 applicando
670 397 915 456 rationes
936 395 1096 452 initio
1127 393 1438 470 superioris
1462 392 1662 468 oapitis
1693 410 1740 447 vi
1760 389 1994 468 positas.

116 493 380 554 Remanet
414 500 475 550 ut
507 494 859 552 documentis
886 494 1160 568 probetur
1188 498 1400 550 asserta
1427 491 1690 548 Romanae
1711 489 1870 548 Sedis
1901 469 1997 566 po-

118 595 283 649 testas
309 593 626 668 EpiscopoS,
666 599 833 666 atque
859 591 1011 666 ipsos
1042 591 1211 647 etiam
1252 589 1626 659 patriarchas,
1659 589 1990 666 deponendi.

196 688 250 744 1⁰
274 687 490 745 Certam
515 688 680 746 istam
706 693 1039 763 potestatem
1068 685 1333 761 supponit
1356 685 1408 741 S.
1431 684 1758 762 Cyprianus,
1786 687 1883 760 qui
1907 705 2001 743 ro-

119 792 208 860 gat
233 792 490 844 sanctum
519 786 864 861 Stephanum
886 787 1108 861 Papam,
1145 789 1207 841 ut
1230 784 1535 842 Arelatensi
1571 784 1835 860 Episcopo
1861 786 1999 843 Ma‘r·

120 885 276 943 ciano
308 886 479 943 alium
505 885 828 944 substituat.
911 928 913 930 -

197 985 253 1039 2⁰
275 984 333 1040 In
359 1002 528 1058 supra
552 985 718 1041 citata
745 983 925 1041 sancti
950 981 1148 1040 Gelasii
1172 981 1424 1056 epistola,
1451 979 1584 1037 anni
1610 979 1718 1036 492
1742 1000 1752 1033 :
1775 1000 1804 1032 «
1831 978 2000 1037 Nobis

129 1091 411 1158 opponunt
443 1102 681 1141 canones
717 1084 851 1140 dum
875 1081 1130 1140 nesciunt
1171 1080 1305 1155 quid
1329 1080 1714 1153 loquantur...·
1734 1079 1845 1155 Ipsi
1868 1086 2002 1137 sunt

134 1196 366 1235 canonos
392 1180 487 1251 qui
513 1180 905 1254 appellationes
932 1181 1087 1234 totius
1119 1178 1365 1234 Ecclesiae
1396 1177 1463 1232 ad
1489 1179 1657 1251 hujus
1683 1175 1830 1232 sedis
1877 1194 2006 1232 exa-

128 1297 251 1336 men
278 1278 500 1334 voluere
525 1278 723 1333 deferri
749 1303 758 1345 ;
789 1279 856 1333 ab
882 1278 1001 1352 ipsa
1014 1295 1141 1334 vero
1172 1294 1454 1356 nusquam
1478 1294 1713 1351 prorsus
1738 1275 2005 1351 appellari

131 1377 327 1434 debere
355 1381 677 1432 sanxerunt.
708 1378 781 1430 Ac
804 1395 900 1449 per
922 1377 1024 1432 hoe
1050 1375 1231 1450 ipsam
1260 1377 1323 1430 de
1346 1384 1454 1431 tota
1482 1376 1716 1430 Ecclesia
1740 1375 2005 1446 judicare,

133 1470 303 1546 ipsam
352 1472 417 1525 ad
442 1469 652 1524 nullius
684 1487 995 1526 commeare
1027 1470 1327 1542 judicium.
1369 1471 1427 1524 In
1465 1471 1567 1528 hae
1592 1470 1710 1542 ipsa
1739 1487 1902 1525 causa
1928 1469 2011 1524 Ti-

136 1562 833 1631 motheusAlexandrinus,
850 1570 901 1619 et
926 1564 1118 1620 Petrus
1131 1564 1530 1631 Antiochianus,
1555 1565 1767 1635 PetruS,
1782 1565 2008 1637 PauluS,

140 1665 390 1736 JoannCS,
416 1670 466 1719 et
490 1660 689 1730 caeteri,
708 1680 816 1716 non
848 1662 1031 1716 solum
1066 1681 1213 1717 unus
1233 1663 1326 1718 sed
1351 1663 1560 1737 plureS,
1590 1664 1785 1735 utique
1809 1683 2013 1722 nomen

142 1757 423 1816 sacerdotii
455 1753 826 1828 praeferenteS,
873 1755 988 1810 sola
1015 1756 1163 1810 Sedis
1188 1756 1498 1828 Apostolicae
1532 1767 1653 1812 sunt
1701 1764 2012 1817 anctoritate

138 1854 316 1925 dejecti
341 1873 368 1903 »
395 1850 780 1923 (Conciliorum
800 1850 976 1906 Labhe
999 1856 1149 1907 tomo
1178 1852 1262 1922 IV,
1293 1853 1398 1908 eol.
1429 1853 1598 1922 1168,
1627 1854 1760 1911 edit.
1788 1856 2011 1912 Parisiis

135 1947 322 2019 1671).
351 1946 428 2002 Ibi
474 1946 626 2005 vides
664 1955 1020 2005 enumeratos
1070 1949 1322 2022 quinque
1375 1950 1683 2009 Orientales
1719 1956 2008 2028 praesuleS,

132 2046 246 2102 sola
278 2046 426 2103 Sedis
450 2047 763 2119 Apostolicae
789 2051 1104 2103 anctoritate
1133 2050 1438 2124 depositos

205 2145 260 2199 5⁰
282 2143 511 2201 Sanctus
535 2144 804 2202 Damasus
843 2145 1096 2221 deposuit
1124 2146 1446 2204 Flavianum
1482 2149 1861 2208 Patriarcham
1904 2153 2011 2208 An·

132 2240 472 2298 tioehenum.

206 2342 260 2398 4⁰
307 2340 696 2416 Perpendenda
753 2341 1034 2416 imprimis
1086 2345 1458 2402 exauctoratio
1510 2347 1781 2418 Anthimi,
1839 2369 2008 2424 quem

133 2437 184 2494 S.
211 2440 485 2512 Agapetus
512 2439 676 2513 Papa,
706 2438 810 2495 etsi
837 2438 1166 2514 imperatrix
1200 2443 1556 2500 vehementer
1592 2446 2008 2518 adversaretur,

133 2535 367 2611 ipsemet
393 2536 868 2611 Constantinopoli
903 2537 1181 2611 deposuit,
1210 2545 1262 2595 et
1280 2540 1337 2594 in
1362 2540 1521 2614 eujus
1546 2542 1731 2597 locum
1759 2545 2011 2601 Mennam

135 2635 427 2693 ordinavit.
444 2637 597 2701 Quod
613 2636 783 2693 refert
801 2636 1087 2693 Liberatus
1109 2638 1385 2711 (Breviarii
1403 2640 1583 2715 eapite
1604 2661 1708 2714 xxi,
1735 2661 1859 2717 pag.
1882 2643 2011 2713 147,

134 2731 264 2788 edit.
315 2732 584 2805 Garnerii)
634 2732 690 2787 in
725 2733 875 2788 hune
912 2734 1140 2789 modum
1175 2755 1184 2787 :
1217 2734 1447 2808 Denique
1483 2739 1775 2810 petentibus
1817 2741 2015 2812 princi-

133 2830 302 2903 pibus,
336 2830 706 2885 >ntAnthimum
740 2828 889 2901 Papa
920 2830 973 2884 in
1003 2829 1318 2886 salutatione
1351 2839 1402 2886 et
1446 2834 1802 2888 communione
1854 2835 2017 2890 susci-

135 2936 301 3000 peret,
336 2928 422 2982 ille
458 2930 572 2999 fieri
603 2929 766 2999 inquit
796 2945 971 3000 posse,
1005 2930 1049 2982 si
1086 2947 1142 2983 se
1177 2929 1345 2985 libello
1372 2932 1619 3005 probaret
1668 2934 2015 2988 orthodoxum

142 3033 191 3078 et
221 3025 286 3078 ad
303 3026 599 3080 cathedram
616 3043 762 3081 suam
778 3034 1148 3082 reverteretur.
1167 3028 1485 3102 Impossibile
1507 3049 1618 3086 esse
1640 3032 1807 3086 aiebat
1842 3039 2014 3085 trans-

147 3117 367 3171 latitium
398 3118 650 3173 hominem
683 3122 736 3173 in
769 3120 861 3174 illa
895 3121 1027 3176 Sede
1063 3141 1391 3194 permane-re.
1413 3125 1661 3197 Aitqnsta
1711 3143 1831 3180 vero
1882 3124 2015 3178 clam

142 3213 475 3285 promittente
526 3231 742 3268 munera
770 3216 956 3285 multa,
987 3226 1045 3272 et
1080 3237 1260 3274 rursus
1295 3220 1458 3292 Papae
1492 3223 1655 3274 minas
1704 3222 2016 3290 intentante,

148 3308 200 3366 in
232 3312 325 3365 hoc
342 3310 727 3382 Papaperstitit
758 3330 823 3366 ne
855 3314 964 3385 ejus
986 3317 1191 3370 audiret
1205 3318 1530 3388 petitionem.
1557 3318 1827 3372 Anthimas
1847 3326 2019 3374 antem

147 3407 322 3462 videns
353 3424 408 3460 se
438 3425 553 3460 snm:
585 3425 788 3475 PULSUM,
820 3408 1036 3479 pallium
1069 3411 1205 3480 qnod
1223 3411 1394 3466 habuit
1421 3414 1813 3484 imperatoribus
1845 3415 2019 3470 reddi-

150 3506 222 3561 dit
255 3514 302 3560 et
339 3505 592 3572 discessit,
632 3506 712 3559 nbi
744 3523 858 3560 enm
893 3507 1125 3577 Anyti-sta
1157 3525 1250 3561 suo
1279 3512 1569 3581 patrocinio
1603 3520 1852 3568 tueretur.
1883 3513 2020 3570 Tunc

154 3600 319 3674 Papa,
355 3602 610 3673 Principis
643 3603 845 3673 favore,
883 3601 1122 3657 Mennam
1163 3622 1260 3676 pro
1307 3623 1365 3660 eo
1406 3607 1663 3663 ordinavit
1697 3609 2015 3680 Antistitem,
