2372 4108
337 251 393 300 66
1007 244 1301 293 TRACTATUS
1332 244 1398 290 DE
1428 244 1573 290 PAPA.

399 452 424 505 S
453 451 490 491 1.
521 472 574 480 -
601 448 778 495 Quinam
802 444 1029 496 scriptores
1054 443 1249 486 catholici
1271 443 1426 496 duplex
1450 442 1534 484 iter
1552 447 1595 484 et
1614 441 1801 508 vinginti
1831 444 2021 499 quinque
2049 456 2181 488 annos

755 514 1018 566 episcopatus
1035 513 1213 555 inficiati
1229 512 1327 563 sint,
1348 518 1390 555 et
1405 525 1489 566 qua
1506 511 1671 554 ratione
1685 507 1818 554 ducti.
1914 505 1922 513 ’

403 661 431 693 «
465 639 780 696 Tacendum
809 658 924 695 non
951 645 1056 709 est,
1074 638 1153 695 ait
1175 638 1426 708 Bianchi,
1451 637 1752 694 modernos
1777 637 2081 714 scriptores
2103 657 2245 696 non-

321 739 508 795 nullos
542 739 765 809 (merito
795 738 1025 812 quidem
1058 739 1118 793 in
1149 756 1212 795 re
1243 737 1520 794 litteraria
1552 737 1825 806 celebreS,
1847 717 2046 793 verum
2064 737 2248 811 exagi-

319 819 466 894 tatos
494 837 589 892 illa
621 837 940 912 prurigine,
963 856 1087 911 quae
1111 837 1229 911 jam
1259 838 1330 894 ab
1359 836 1648 910 aliquanto
1677 838 1930 911 tempore
1962 836 2240 909 quosdam

318 935 559 1011 impellit
585 941 649 992 ut
675 953 846 992 novas
874 955 937 992 ac
971 936 1255 992 inauditas
1294 935 1604 992 sententias
1650 934 1960 1007 ingerendo
1994 934 2242 990 erudito-

317 1053 448 1091 rum
489 1035 596 1091 sibi
644 1036 854 1091 famam
893 1035 1251 1110 comparent)
1295 1035 1355 1091 in
1391 1033 1655 1109 praesenti
1687 1033 2002 1106 quaestione
2044 1032 2238 1089 tritam

315 1133 465 1189 viam
510 1133 848 1203 deseruisse,
881 1140 933 1191 et
970 1135 1206 1191 unicum
1241 1133 1560 1190 adseruisse
1607 1134 1716 1188 iter
1758 1132 1939 1188 sancti
1983 1132 2130 1189 Petri
2169 1132 2239 1189 ad

316 1232 514 1288 urbem
558 1233 814 1301 Romam,
862 1232 1097 1289 ineunte
1145 1233 1360 1289 scilicet
1401 1232 1634 1288 Neronis
1676 1231 1940 1307 imperio,
1987 1233 2235 1288 multum

315 1331 619 1387 contractis
645 1331 845 1404 viginti
877 1331 1130 1404 quinque
1161 1331 1399 1387 Romani
1429 1331 1786 1406 episcopatus
1814 1331 2030 1387 annis»
2062 1332 2238 1404 (Della

308 1437 526 1501 potesta
567 1448 594 1484 e
624 1431 764 1485 della
792 1431 984 1501 politia
1019 1430 1160 1485 della
1191 1430 1404 1498 Chiesa,
1436 1437 1588 1485 tomo
1620 1431 1719 1498 111,
1756 1448 1884 1503 pag.
1921 1430 2053 1499 257,
2095 1431 2230 1486 edit.

312 1525 519 1594 Romae,
556 1526 751 1594 1745).
782 1526 1051 1600 Praecipui
1088 1532 1276 1582 autem
1305 1526 1476 1599 liujus
1505 1527 1801 1582 neotericae
1827 1528 2111 1601 opinionis
2138 1546 2235 1602 pa-

311 1625 457 1680 troni
487 1624 884 1697 fuere,Pagius
903 1624 994 1692 (ad
1025 1643 1239 1680 annum
1271 1625 1475 1681 Christi
1498 1625 1611 1698 45),
1639 1626 1957 1700 Stephanus
1980 1626 2234 1683 Balazius

314 1723 395 1795 (in
428 1723 578 1778 notis
620 1722 690 1777 ad
727 1723 1079 1778 Lactantium
1112 1723 1176 1777 de
1217 1723 1474 1778 Mortibus
1498 1725 1930 1795 persecutorum)
1976 1731 2027 1779 et
2063 1725 2233 1799 Pape-

311 1820 580 1875 brochius
613 1820 692 1891 (in
723 1820 931 1877 Conatu
959 1821 1373 1893 chronoloy'ico).
1398 1820 1461 1875 Hi
1500 1837 1710 1895 nempe
1744 1826 1980 1890 tenent,
2012 1840 2234 1879 errasse

309 1916 638 1987 Eusebium,
667 1918 1089 1993 Hieronymum,
1126 1917 1351 1988 Bedam,
1391 1923 1446 1974 et
1478 1919 1820 1974 immensam
1858 1916 2015 1974 illam
2057 1918 2234 1976 eccle-

310 2000 1048 2093 siasticorumscriptorum
1091 2013 1351 2087 turbam,
1391 2018 1488 2092 qui
1531 2036 1728 2074 omnes
1772 2015 2126 2074 concorditer
2155 2018 2234 2074 vi-

307 2116 447 2189 ginti
479 2116 733 2190 quinque
777 2135 953 2172 annos
983 2117 1237 2175 Romano
1279 2116 1465 2172 sancti
1498 2117 1648 2172 Petri
1688 2116 2041 2191 episcopatui
2087 2118 2234 2173 adsi-

309 2220 504 2286 gnant,
541 2220 591 2268 et
630 2214 732 2268 hoc
776 2213 896 2288 ipso
946 2219 1273 2288 supponunt
1324 2220 1585 2270 sanctum
1626 2214 1953 2289 Apostolum
2001 2216 2233 2272 Romam

307 2312 467 2386 prius
493 2312 710 2367 venisse
735 2313 839 2368 suh
865 2313 989 2368 Caio
1018 2312 1103 2367 vel
1138 2312 1374 2367 ineunte
1401 2312 1614 2368 Claudii
1645 2311 1908 2386 imperio.

385 2411 552 2466 Porro
580 2412 815 2484 hujusce
837 2430 1010 2480 novae,
1034 2428 1096 2466 ac
1114 2411 1339 2466 Patrum
1368 2410 1658 2466 traditioni
1684 2429 1918 2486 prorsus
1939 2411 2234 2467 contrariae

308 2512 603 2568 sententiae
626 2531 736 2568 non
756 2513 907 2568 aliud
936 2512 1178 2585 alicujus
1212 2512 1488 2568 momenti
1508 2511 1947 2568 fundamentum
1986 2512 2236 2568 subster-

307 2617 474 2681 nunt,
505 2629 676 2683 quam
702 2618 911 2667 textum
945 2611 1251 2684 quemdam
1297 2611 1674 2685 manuscripti
1701 2629 1731 2666 a
1762 2611 2044 2686 Stephano
2070 2610 2233 2665 Baln-

307 2711 386 2765 zio
417 2711 647 2785 reperti,
674 2730 738 2767 ac
772 2712 1025 2786 primum
1053 2711 1212 2781 editi,
1244 2712 1511 2785 quodque
1540 2711 1734 2766 volunt
1765 2728 1889 2766 esse
1907 2727 2050 2784 opus
2079 2708 2228 2764 Lucii

308 2807 573 2864 Lactanlii
601 2811 890 2866 Firmiani.
926 2812 1243 2868 Arenosum
1278 2829 1414 2867 sane
1456 2810 1918 2878 fundamentum,
1950 2814 2013 2864 ut
2050 2808 2231 2880 lique-

310 2905 388 2960 hit
424 2906 611 2961 modo.

358 3122 381 3173 ‘g
410 3121 447 3160 ⁶2.
482 3145 534 3152 -
548 3120 803 3162 Documenta
823 3120 942 3173 queis
964 3120 1116 3173 duplex
1138 3120 1224 3161 iter
1245 3126 1287 3161 et
1306 3120 1457 3172 viginti
1487 3121 1680 3173 quinque
1703 3132 1915 3162 annorum
1932 3120 2201 3173 episcopatus

1157 3188 1384 3230 evincitur.

385 3311 438 3367 1⁰
463 3311 752 3383 Gataloqus
778 3310 1089 3366 Liberiamts
1120 3309 1479 3365 Romcmorum
1507 3309 1825 3381 Pontificum
1848 3343 1925 3350 —
1949 3309 2234 3384 conscrip-

306 3419 397 3467 tus
425 3410 531 3467 fuit
552 3429 700 3466 anno
724 3409 951 3466 circiter
981 3410 1116 3479 554,
1148 3411 1253 3466 sub
1276 3410 1496 3466 Liberio
1520 3410 1804 3479 Pontifice,
1831 3409 1983 3466 unde
2007 3414 2061 3464 et
2084 3409 2232 3466 Libe-

307 3513 484 3565 ricmus
514 3510 623 3566 dici
660 3510 802 3566 solet
823 3534 847 3586 ς,
886 3515 939 3565 et
977 3509 1035 3564 in
1070 3509 1256 3565 lucem
1283 3509 1472 3566 editus
1506 3511 1575 3566 ab
1606 3508 1820 3582 AEgidio
1838 3506 2114 3562 Bucherio
2146 3508 2225 3581 (in

309 3609 730 3664 commentariis
778 3609 846 3664 de
884 3626 1099 3665 canone
1129 3609 1380 3684 paschali
1413 3608 1647 3665 Victoris
1675 3608 1874 3680 Papae).
1903 3605 2079 3669 Quem
2112 3612 2229 3663 tex—

306 3709 431 3760 tum
454 3703 718 3780 deinceps
738 3706 1243 3780 disceptationibus
1259 3706 1570 3762 illustravit
1589 3702 1919 3775 Emmanuel
1942 3703 2230 3760 Schestra-
