2320 4010
229 209 316 259 558
487 167 493 172 ι
882 192 935 247 'T
939 201 1198 249 RACTATUS
1229 200 1295 248 DE
1326 200 1473 247 PAPA.

225 311 572 371 Theodosius
618 308 958 384 imperator.
1025 306 1259 383 Scripsit
1307 306 1376 364 ad
1421 306 1823 383 imperatorem
1883 307 1936 365 S.
1961 299 1966 304 ’
1991 307 2140 366 Leo:

227 407 545 477 «Quamvis
591 406 660 464 ad
706 405 858 464 diem
889 405 1113 463 concilii
1157 405 1497 482 episcopalis
1540 423 1711 479 quem
1754 404 1932 480 pietas
1966 411 2149 464 vestra

228 529 254 562 «
284 505 601 577 constituit,
639 522 936 562 occurrere
961 521 1052 561 me
1076 503 1216 560 ratio
1243 503 1395 560 nulla
1420 502 1810 579 permittat...,
1838 503 2149 578 praesertim

229 627 256 659 «
286 623 419 662 cum
445 611 562 662 tam
591 603 817 661 evidens
842 602 973 660 fidei
999 620 1167 660 causa
1193 601 1289 674 sit,
1321 607 1386 659 ut
1413 585 1843 659 rationabilibus
1871 602 2057 660 causis
2084 602 2151 660 ab

225 728 253 760 «
281 705 584 763 indicenda
623 704 836 781 synodo
864 703 1069 760 suisset
1099 702 1526 772 abstinendum;
1559 708 1752 760 tamen
1781 702 1840 758 in
1882 708 2151 778 quantum

230 828 258 860 «
287 806 556 863 dominus
594 806 793 880 juvare
829 803 1116 879 dignatur,
1158 820 1352 859 meum
1385 802 1640 860 studium
1680 802 2051 878 commodavi,
2092 810 2155 862 ut

230 925 257 958 «
288 903 605 961 clementiae
640 904 841 959 ve‘strae
889 901 1115 959 statutis
1156 902 1519 976 aliquatenus
1554 907 1839 976 pareatur,
1880 901 2154 967 ordinatis

232 1025 260 1058 «
292 1003 425 1060 hinc
454 1001 729 1059 fratribus
767 1000 942 1071 meiS,‘
976 1001 1075 1076 qui
1114 999 1479 1076 amputandis
1515 999 1795 1057 scandalis
1838 1019 1938 1076 pro
1978 1018 2158 1058 causae

237 1127 262 1157 (ι
292 1103 555 1179 aequitate
575 1101 876 1173 sufficiant,
903 1101 1116 1175 quique
1134 1096 1448 1176 praesentiae
1475 1118 1614 1157 meae
1636 1099 1912 1175 impleant
1934 1100 2156 1157 vicem»

236 1205 406 1279 (apud
431 1201 637 1274 Labbe,
662 1207 815 1257 tomo
839 1201 924 1268 IV,
955 1201 1061 1257 col.
1090 1201 1184 1268 57,
1212 1199 1349 1255 edit.
1378 1199 1631 1269 Parisiis,
1662 1199 2159 1275 16711).Ephesina

232 1302 478 1378 synodus
505 1301 563 1356 in
595 1299 959 1357 latrocinium
990 1316 1151 1355 versa
1184 1302 1288 1353 est.
1324 1297 1462 1352 Cum
1498 1302 1686 1360 autem
1720 1297 2025 1356 Theodosio
2053 1301 2159 1356 im-

235 1402 480 1478 peratori
536 1399 906 1457 successisset
952 1397 1289 1463 Marciaan
1349 1394 1607 1470 Episcopi
1669 1394 1727 1449 in
1777 1398 1889 1451 toto
1937 1396 2161 1457 Oriente

234 1501 412 1557 sancti
462 1498 658 1556 Leonis
709 1496 956 1573 epistolae
1004 1488 1483 1570 subscripserunt.
1538 1492 1943 1562 NihilominuS,
1975 1501 2038 1552 ut
2078 1497 2157 1552 rei

236 1599 526 1657 catliolicae
558 1597 741 1671 magis
786 1596 1202 1665 consuleretur,
1246 1591 1605 1649 indicendam
1647 1610 1849 1648 novam
1892 1593 2160 1667 synodum

239 1700 405 1756 duxit
440 1698 779 1756 Marcianus.
820 1696 879 1750 In
927 1696 1089 1770 cujus
1141 1694 1347 1752 litteris
1386 1698 1576 1750 notatu
1619 1692 1785 1766 digna
1831 1697 1963 1748 sunt
2005 1691 2168 1748 verba

242 1802 359 1858 haec
391 1823 400 1855 :
446 1800 607 1857 Tuam
640 1800 975 1855 sanctitatem
1006 1798 1359 1870 principatum
1389 1797 1441 1850 in
1483 1797 1791 1868 episcopatu
1829 1795 2018 1848 (livinae
2044 1793 2166 1865 fidei
2251 1808 2255 1811 ·

238 1903 599 1975 possidentem
630 1898 802 1974 (apud
834 1897 1033 1967 Labbe,
1064 1902 1105 1952 t.
1141 1895 1224 1965 lV,
1259 1895 1363 1951 col.
1396 1896 1492 1965 (5⁶2,
1524 1894 1656 1950 edit.
1686 1892 1940 1961 Parisiis,
1975 1891 2169 1966 1671).
2226 1969 2229 1973 Δ

241 2000 303 2055 In
330 1998 528 2075 synodi
556 1996 996 2054 celebrationem
1023 1993 1262 2051 assensit
1297 1993 1351 2049 S.
1386 1993 1512 2063 Leo,
1542 2011 1603 2049 ea
1632 1993 1851 2048 tantum
1887 1991 1955 2046 de
1981 2008 2170 2062 causa,
2246 2007 2247 2010 ¹

245 2120 316 2159 ne
338 2099 698 2176 imperatoris
732 2099 919 2155 devoto
949 2098 1158 2153 obviare
1183 2096 1454 2152 videretur
1483 2095 1727 2169 impei‘iO,
1758 2097 1934 2166 utque
1960 2092 2173 2163 omnia,

249 2205 315 2261 acl
358 2205 616 2259 unitatem
666 2202 842 2275 paciS,
894 2217 1191 2273 compressa
1236 2199 1377 2253 omni
1429 2197 1752 2252 dissensione
1798 2201 2177 2250 revocarentm·

251 2300 518 2375 (Operum
562 2299 616 2354 S.
652 2297 871 2368 Leonis,
906 2296 1142 2371 epistola
1184 2315 1394 2364 mxxix,
1441 2293 1580 2350 alias
1627 2294 1784 2367 max).
1833 2293 2068 2367 Insuper
2109 2289 2176 2346 ad

250 2400 518 2458 eumdem
550 2399 952 2473 imperatorem
984 2396 1212 2471 scripsit
1238 2395 1291 2452 S.
1322 2395 1423 2452 Lco
1461 2415 1470 2447 :
1524 2393 1652 2450 «Ne
1687 2392 2022 2466 cujusquam
2050 2407 2176 2466 pro·

255 2521 280 2552 «
313 2498 433 2557 caci
475 2495 908 2573 impudentique
942 2493 1190 2551 versutia
1238 2494 1387 2566 quasi
1432 2494 1495 2548 (Ie
1532 2493 1732 2547 incerto
1764 2489 1902 2564 quid
1934 2488 2178 2545 sentien-

259 2620 285 2651 «
317 2599 452 2655 dum
487 2597 560 2653 sit
589 2594 789 2652 sinatis
822 2591 1081 2668 inquiri»
1130 2591 1387 2667 (epistola
1414 2610 1608 2659 Lxxxn,
1642 2589 1781 2657 alias
1807 2608 1925 2656 an,
1955 2605 2079 2661 cap.
2115 2586 2174 2659 1).

255 2697 437 2769 Atque
475 2694 710 2762 ibidem,
746 2691 926 2768 capite
954 2712 987 2746 11
1021 2713 1031 2745 ε
1077 2689 1251 2745 «Non
1295 2686 1617 2762 cujusmodi
1658 2686 1731 2742 sit
1771 2685 1906 2740 fides
1942 2682 2178 2739 tenenda

261 2816 287 2846 «
318 2794 677 2850 tractandum
723 2797 830 2863 est,
864 2792 959 2848 sed
991 2808 1236 2864 quorum
1274 2787 1533 2864 precihus
1572 2790 1626 2841 et
1654 2783 1895 2858 qualiter
1927 2799 2179 2838 annuen-

268 2915 293 2944 «
325 2892 483 2948 dum.
517 2912 544 2943 »
574 2891 844 2951 Similiter
875 2890 1108 2963 epistola
1134 2908 1196 2943 xe
1230 2886 1387 2960 (alias
1413 2885 1607 2956 Lxxin),
1646 2882 1990 2939 Marcianum
2023 2887 2179 2955 rogat

264 3012 332 3051 ne
362 2997 647 3068 pateretur
669 2990 835 3046 fidem
864 2991 1012 3063 quasi
1044 2989 1251 3043 dubiam
1278 2986 1334 3042 in
1364 2983 1574 3060 synodo
1609 2986 1915 3051 retractari5
1948 2983 2096 3058 quod
2123 2983 2180 3040 in
2229 2967 2234 2972 ⁵

265 3093 389 3151 aliis
420 3092 557 3149 item
593 3089 848 3166 epistolis
882 3088 1150 3145 inculcat,

341 3193 422 3250 Ad
459 3187 647 3269 patr'es
675 3197 864 3248 autem
897 3186 1362 3245 Chalcedonensis
1397 3185 1620 3242 concilii
1651 3207 1660 3239 :
1698 3185 1909 3241 «Nunc
1942 3184 2002 3240 in
2034 3184 2179 3241 vica-

268 3319 294 3348 «
324 3294 425 3352 riis
456 3292 598 3350 meis
639 3292 864 3363 adsum,
897 3295 950 3347 et
981 3287 1318 3364 jamdudum
1359 3286 1418 3342 in
1449 3284 1575 3342 fidei
1602 3284 1890 3342 catholicae
1917 3283 2189 3360 praedicat

271 3418 297 3449 «
326 3395 478 3452 tione
503 3411 616 3450 non
642 3392 842 3448 desum
874 3412 883 3445 :
915 3394 978 3446 ut
1004 3388 1102 3462 qui
1137 3405 1250 3443 non
1279 3384 1514 3462 potestis
1540 3384 1798 3459 ignorare
1821 3383 1957 3457 quid
1986 3400 2051 3438 ex
2086 3399 2182 3438 an-
2255 3389 2258 3391 ’

271 3517 297 3547 «
331 3494 486 3569 tiqua
541 3491 843 3549 traditione
891 3489 1221 3558 credamUS,
1283 3503 1397 3541 non
1449 3482 1675 3559 possitis
1729 3481 1988 3539 dubitare
2046 3480 2183 3553 quid

272 3616 298 3646 «
330 3593 652 3669 cupiamus.
683 3590 858 3659 Unde,
896 3583 1412 3645 fratrescarissimi
1440 3605 1448 3637 ε
1487 3585 1680 3656 rejecta
1708 3583 1920 3655 penitus
1956 3579 2183 3634 audacia
2218 3590 2223 3595 ·

274 3711 299 3741 «
331 3691 635 3767 disputa-ndi
665 3696 850 3748 contra
873 3689 1031 3761 fidem
1061 3686 1312 3743 (livinitus
1334 3684 1670 3756 inspiratam,
1698 3695 1836 3739 vana
1865 3675 2180 3734 errantium
