2410 4114
281 267 339 312 14
957 265 1251 312 TRACTATUS
1284 265 1348 310 DE
1381 266 1527 312 l'Al'A.

282 374 432 432 idem
460 380 568 450 est,
596 374 785 451 ipsum
813 393 843 431 a
870 373 1090 430 Christo
1118 373 1491 432 constitutum
1523 392 1654 431 cum
1689 375 1857 450 plena
1897 376 2198 435 Ecclesiam

281 473 658 532 universalem
679 471 941 549 pascendi
969 490 1032 528 ac
1057 472 1287 547 regendi
1312 479 1603 549 potestate.
1631 507 1699 515 —
1719 474 2030 532 Concilium
2045 477 2204 533 Chal-

283 574 594 631 cedonense
619 571 844 628 Petrum
883 571 1130 648 appellat
1162 579 1370 648 petram
1399 581 1449 629 et
1477 573 1799 648 crepidinem
1830 574 2081 630 Ecclesiae
2117 594 2203 631 ca-

281 673 501 729 tholicae.
558 706 635 713 —
693 672 1006 730 Concilium
1067 673 1438 747 Lugdunense
1490 674 1533 729 Il
1589 673 1836 730 declarat
1892 674 2203 731 Romanam

281 771 607 844 Ecclesiam,
643 775 696 828 in
721 774 872 829 beato
905 773 1064 829 Petro
1101 772 1479 848 Apostolorum
1498 775 1740 847 principe
1758 775 1867 829 sive
1889 776 2077 830 vertice
2093 776 2203 847 pri-

279 879 482 927 mata-m
509 889 623 928 cum
655 875 936 946 potestatis
955 873 1300 945 *plenitudine
1332 874 1614 947 recepisse.
1645 907 1715 913 —
1743 871 2051 929 Concilium
2082 872 2201 928 Flo-

280 971 574 1028 rentinum
604 971 687 1028 sic
705 971 992 1030 definivit:
1026 972 1132 1047 Ipsi
1160 972 1433 1048 (Romano
1469 971 1742 1045 Pontifici)
1771 975 1825 1029 in
1849 974 1999 1028 beato
2038 972 2199 1028 Petro

276 1071 552 1143 pascendi,
570 1072 785 1145 rependi
805 1072 1192 1145 etqabernansli
1221 1071 1574 1128 universalem
1612 1071 1900 1127 Ecclesiam
1924 1089 1955 1126 a
1973 1070 2197 1126 Domino

282 1177 463 1226 nostro
490 1170 619 1226 Jesn
657 1170 864 1227 Christo
892 1172 1107 1245 plenam
1133 1179 1456 1245 potestatem
1488 1171 1739 1226 traditam
1782 1188 1896 1226 esse
1933 1168 2203 1245 (sessione

281 1269 379 1341 25,
421 1268 480 1324 in
511 1268 879 1345 definitione).

361 1370 671 1427 Concilium
699 1372 832 1443 VIII,
882 1390 981 1429 seu
1016 1372 1700 1447 Constantinopolitanum
1726 1372 1812 1443 IV,
1835 1371 1940 1428 sub
1958 1369 2202 1427 Adriano

281 1467 424 1543 Papa
446 1469 511 1539 II,
531 1469 854 1544 approbavit
876 1471 1180 1527 formulam
1208 1471 1357 1542 fidei,
1385 1489 1556 1544 quam
1598 1469 1881 1527 subscribi
1913 1470 1980 1526 ab
2016 1468 2204 1526 Orien-

283 1563 489 1621 talibus
538 1564 826 1641 Episcopis
858 1565 1147 1639 jusserant
1193 1565 1405 1622 summi
1451 1564 2111 1622 Pontifices-Hormisdas
2154 1572 2205 1622 et

282 1664 555 1723 Adrianus
596 1667 635 1721 Ι.
678 1667 736 1722 In
773 1685 837 1723 ca
872 1685 1001 1723 vero
1052 1666 1295 1722 formula
1331 1667 1409 1723 sie
1448 1666 1722 1722 habetur:
1771 1665 2007 1722 «Prima
2050 1667 2205 1722 salus

287 1789 314 1821 «
346 1773 429 1824 est
453 1771 616 1822 rectae
649 1764 776 1821 fidei
811 1765 1062 1838 regulam
1100 1764 1411 1826 custodire;
1464 1764 1666 1820 deinde
1697 1783 1726 1820 a
1752 1765 2076 1822 constitutis
2109 1765 2201 1822 Dei

288 1888 314 1919 «
344 1873 398 1922 et
426 1866 652 1922 Patrum
686 1864 1011 1920 nullatenus
1041 1863 1334 1921 deviare...
1366 1865 1427 1920 Et
1461 1863 1591 1937 quia
1632 1881 1744 1919 non
1778 1869 1958 1938 potest
1983 1864 2203 1921 Domini

288 1986 315 2018 «
344 1963 522 2020 nostri
563 1964 696 2020 Jesu
738 1962 939 2019 Christi
983 1962 1335 2037 praetermitti
1373 1961 1651 2018 sententia
1688 1960 1966 2018 dicentis:
2025 1962 2099 2018 Tn
2150 1981 2204 2018 es

289 2085 316 2116 «
345 2063 534 2130 Petras
562 2071 609 2119 et
645 2080 803 2137 saper
828 2061 969 2118 'lianc
991 2070 1298 2134 petram...,
1334 2062 1451 2117 haec
1491 2078 1612 2134 quae
1643 2059 1791 2116 dicta
1827 2067 1979 2131 sunt,
2009 2079 2200 2118 rerum

289 2164 656 2239 «probantur
683 2161 1002 2229 effectibus3
1040 2162 1168 2235 quia
1208 2162 1262 2217 in
1301 2161 1436 2218 Sede
1478 2161 1789 2236 Apostolica
1843 2161 2204 2220 immaculata

286 2283 314 2316 «
343 2267 427 2319 est
451 2280 670 2337 semper
698 2260 969 2317 catholica
1002 2267 1279 2317 reservata
1305 2259 1521 2333 religio.
1553 2282 1579 2313 »

360 2361 589 2433 Quinte,¹
615 2361 762 2417 idem
798 2365 1013 2416 constat
1046 2377 1111 2414 ex
1139 2358 1566 2416 definitionibus
1604 2357 1989 2415 Romanorum
2024 2359 2203 2416 Ponti-

282 2462 453 2519 ficum
481 2462 539 2518 in
562 2466 675 2519 tota
701 2460 941 2517 Ecclesia
965 2460 1223 2535 receptis
1260 2460 1418 2524 Quod
1446 2478 1650 2533 nempe
1677 2447 1976 2534 Apostolus
2009 2460 2202 2517 Petrus

282 2580 312 2617 a
343 2561 558 2618 Christo
585 2560 802 2636 positus
839 2560 913 2616 sit
936 2559 1186 2615 Ecclesiae
1221 2561 1647 2633 famlcanentum,
1686 2558 1994 2634 saepissime
2012 2578 2203 2615 recur-

282 2659 353 2717 rit
396 2659 455 2715 in
494 2660 874 2715 Romanorum
907 2657 1236 2713 Pontificum
1280 2656 1783 2725 constitutionibus
1825 2676 1889 2712 ac
1925 2657 2203 2713 delinitio-

282 2758 449 2815 nibus
489 2758 547 2814 in
586 2764 702 2813 tota
745 2756 990 2813 Ecclesia
1029 2756 1287 2831 receptis,
1330 2755 1697 2812 inculcatum.
1743 2755 1990 2818 Quarum
2030 2755 2202 2811 veluti

282 2855 678 2930 compendium
722 2854 991 2911 exhibens
1024 2854 1155 2910 Pius
1187 2855 1248 2910 vl
1296 2855 1470 2910 dixit:
1524 2855 1696 2927 Super
1733 2852 2009 2908 soliditate
2033 2862 2204 2927 petrae

283 2957 560 3029 fundatam
590 2974 622 3012 a
658 2955 865 3012 Christo
900 2953 1262 3010 Ecclesiam...
1293 2955 1482 3026 cloyma
1523 2953 1925 3009 catliolicamest
1954 2953 2030 3026 (in
2049 2953 2205 3009 Brevi

284 3054 454 3128 Super
479 3054 796 3128 soliditate).
837 3052 1012 3126 ‚Igitur
1052 3056 1272 3109 certum
1314 3059 1397 3109 est
1441 3051 1494 3108 1⁰
1541 3070 1641 3127 per
1682 3052 1847 3108 verba
1878 3051 2006 3122 ista,
2050 3072 2207 3126 saper

284 3153 415 3209 lianc
452 3159 657 3226 petram
701 3152 974 3223 aedificabo
1023 3151 1310 3207 Ecclesiam
1358 3169 1551 3221 meam,
1598 3151 1824 3207 Petrum
1877 3150 2206 3226 Apostolum

283 3249 653 3308 constitutum
695 3268 726 3306 a
760 3249 975 3305 Christo
1008 3249 1184 3305 fuisse
1222 3248 1657 3305 fundamentum
1694 3248 1972 3305 Ecclesiae.

364 3351 418 3406 2⁰
441 3350 551 3406 Hoc
580 3353 692 3426 ipso
719 3350 858 3422 quod
889 3349 1081 3405 Petras
1104 3349 1467 3422 personaliter
1507 3350 1821 3404 constitutas
1863 3352 1931 3404 sit
1957 3348 2206 3405 Ecclesia²

289 3450 711 3520 fundamentum,
738 3450 939 3522 accepit
978 3450 1265 3522 primatum
1308 3449 1642 3504 auctoritatis
1664 3466 1770 3503 ’sea
1799 3447 2201 3520 jurisdictioni&

291 3579 364 3588 -
385 3546 698 3604 AEdificium
725 3547 878 3605 enim
914 3546 980 3604 de
1010 3566 1121 3622 quo
1156 3546 1362 3621 agitur,
1404 3553 1487 3603 cst
1518 3545 1781 3615 Ecclesia,
1815 3542 1984 3599 id‘est
2002 3543 2205 3600 Christi

294 3643 548 3701 fidelium
568 3647 822 3704 societas,
854 3650 1020 3704 l‘orro
1057 3666 1170 3704 non
1205 3652 1388 3722 potest
1422 3646 1548 3720 quis
1574 3642 1840 3700 constitui
1871 3642 2206 3699 fundamen-

292 3749 413 3800 tum
448 3743 687 3818 alicujus
725 3745 1028 3813 societatiS‚
1072 3745 1182 3800 nisi
1217 3745 1276 3799 in
1319 3763 1383 3799 eo
1429 3760 1598 3801 sensu
1641 3740 1789 3814 quod
1825 3740 2207 3799 constituatur
