2320 4010
0 143 2 229 ὲ
34 125 98 315 ἓ
730 164 745 173 “
815 181 943 227 mas
975 181 1217 228 SECUNDA.
1870 178 1959 226 505

0 350 2 361 s
38 276 330 364 -ss‘occupan
360 290 422 346 Et
446 289 704 346 similiter
728 306 827 363 per
842 288 1141 343 formulam
1169 289 1244 343 les
1265 287 1430 343 droits
1451 286 1520 342 clu
1543 287 1684 358 sidqe
1701 285 1767 366 cle
1785 284 1954 356 Lym,

75 386 217 442 nihil
253 386 403 440 aliud
442 384 760 457 intelligunt
789 401 958 456 quam
980 383 1108 455 jura
1145 381 1598 455 Lugdunensium
1626 379 1955 451 Praesulum,

74 484 128 539 id
172 491 275 553 est,
318 500 441 555 quae
480 487 804 556 competunt
844 480 1155 552 unicuique
1196 479 1554 552 Lugdunensi
1581 478 1855 548 Antistiti,
1891 496 1956 535 ex

74 582 174 636 hoc
206 581 323 656 ipso
347 581 494 654 quod
525 575 946 651 Lugdunensem
971 578 1359 651 Episcopatum
1392 577 1665 633 obtineat.

146 678 212 733 At
243 694 371 733 vero
405 675 555 748 quod
579 675 636 729 in
666 674 736 729 iis
762 673 1140 728 locutionibus
1166 690 1262 746 per
1292 674 1466 727 sedem
1496 672 1856 745 intelligenda
1885 672 1958 729 sit

73 774 256 846 aliqua
284 773 570 828 sedentium
589 772 771 837 series,
807 787 919 824 non
948 775 1135 824 autem
1170 769 1565 840 unusquisque
1595 769 1817 838 sedens,
1846 787 1955 825 non

70 876 286 924 tantum
311 874 395 924 est
427 866 560 939 quid
595 864 911 921 inauditum
949 869 1002 919 et
1027 863 1084 917 in
1111 863 1266 918 nulla
1297 863 1491 935 lingua
1521 868 1831 935 receptum,
1859 865 1955 919 sed

68 966 299 1039 insuper
321 964 642 1019 ridiculum.
672 962 827 1017 Nam.
850 960 1087 1015 ridicula
1118 966 1201 1016 est
1235 959 1560 1034 metaphora
1591 958 1806 1029 quoties
1833 975 1955 1013 sen-

68 1079 162 1117 sus
206 1078 236 1115 a
274 1060 532 1131 loquente
569 1058 814 1120 intentus
859 1056 1050 1128 nequit
1087 1057 1155 1111 ab
1195 1055 1454 1111 audiente
1495 1054 1750 1127 intelligi.
1785 1054 1956 1109 ‘Verbi

68 1157 266 1229 gratia,
294 1156 340 1211 si
358 1155 484 1227 quis
502 1154 663 1210 vellet
681 1153 865 1210 dicere
891 1153 1099 1230 sylvam
1120 1152 1364 1226 aliquam
1384 1152 1733 1207 combustam
1758 1150 1950 1222 fuisse,

73 1256 236 1322 atque
271 1252 325 1305 id
358 1251 686 1324 exprimeret
713 1251 816 1303 hac
841 1249 1101 1316 formula,
1134 1255 1243 1303 tota
1266 1250 1419 1303 sedes
1445 1248 1705 1301 combusta
1731 1255 1831 1315 est,
1858 1247 1953 1302 ab·

75 1363 208 1401 sone
236 1346 576 1417 loqueretur3
613 1345 744 1416 quia
773 1345 969 1416 nequit
993 1344 1224 1399 audiens
1252 1342 1525 1416 suspicari
1552 1360 1651 1415 per
1677 1343 1852 1397 sedem
1877 1342 1953 1397 ibi

76 1442 308 1514 intelligi
346 1443 574 1515 sylvam.
609 1442 774 1496 Porro
811 1440 1172 1496 Bossuetiana
1211 1439 1492 1494 subtilitas
1531 1439 1633 1494 hoc
1672 1438 1953 1512 ipsissimo

0 1531 1 1536 ἵ
74 1539 205 1594 vitio
254 1519 483 1594 laborat.
537 1539 670 1592 Nam
711 1538 805 1593 ubi
857 1538 1041 1610 agitur
1087 1537 1152 1592 de
1197 1537 1347 1593 Sedis
1391 1536 1637 1591 Romanae
1674 1536 1759 1591 vel
1814 1537 1954 1591 sedis

74 1635 428 1706 Luqdunensis
465 1634 687 1706 juribus
727 1640 777 1688 et
818 1632 1219 1715 praerogativis,
1265 1631 1475 1686 nemini
1510 1638 1685 1705 potest
1713 1632 1768 1686 in
1795 1650 1953 1688 men-

76 1739 184 1788 tem
219 1731 402 1787 venire
434 1747 747 1785 sermonem
790 1747 912 1785 esse
941 1730 1008 1784 de
1045 1729 1274 1801 juribus
1316 1734 1368 1783 et
1399 1708 1778 1801 praerogatiiis
1800 1733 1954 1785 seriei

19 1823 21 1825 ’
70 1829 357 1882 sedentium
374 1826 685 1895 dumtaxat,
700 1843 811 1880 non
827 1831 1013 1880 autem
1030 1825 1473 1896 uniuscujusque
1493 1825 1757 1879 sedentis.
1775 1826 1952 1880 Immo

65 1922 406 1977 contrarium
442 1939 633 1976 omnes
658 1920 989 1992 intelligent,
1023 1920 1091 1974 ob
1125 1920 1437 1975 naturalem
1476 1922 1862 1994 metaphoram
1899 1926 1951 1977 et

65 2023 347 2090 receptum
386 2035 553 2072 usum
585 2016 866 2072 tribuendi
905 2018 1106 2071 throno
1133 2015 1216 2071 vel
1248 2016 1527 2071 cathedrae
1552 2017 1681 2090 jura
1704 2017 1798 2073 illa
1829 2035 1952 2091 quae

66 2116 328 2174 thronum
352 2115 437 2170 vel
463 2115 784 2171 cathedram
813 2114 1221 2188 occupantibus
1253 2120 1600 2189 competunt.
1618 2114 1760 2171 Sane
1782 2116 1828 2171 si
1851 2117 1951 2171 Lu-

65 2211 287 2266 dovicus
312 2211 417 2266 xlv
443 2229 472 2265 a
497 2212 781 2268 Bossuetio
806 2212 1157 2286 postulasset,
1183 2230 1320 2267 num
1362 2213 1547 2267 throno
1571 2213 1760 2270 Galliae
1802 2232 1950 2269 com-

67 2314 209 2382 petat
235 2309 327 2380 jus
366 2308 591 2380 regendi
623 2327 740 2364 rem
781 2308 1145 2382 temporalem
1176 2308 1610 2382 independenter
1649 2328 1678 2363 a
1703 2311 1868 2384 Papa,
1897 2316 1950 2366 et

69 2403 374 2460 Bossuetius
403 2405 779 2479 respondisset
805 2403 1155 2473 affirmative,
1195 2404 1555 2461 intellexisset
1582 2425 1678 2462 rex
1705 2407 1813 2461 sibi
1839 2407 1950 2461 sin-

71 2499 327 2571 gulariter
358 2507 581 2574 sumpto
626 2501 719 2573 jus
760 2500 909 2555 istud
948 2506 1285 2574 competere.
1335 2501 1487 2564 Quod
1531 2502 1579 2556 si
1622 2502 1949 2558 Bossuetius

68 2596 439 2669 subjunxisset.
465 2620 475 2652 :
505 2597 621 2652 Dixi
640 2597 733 2669 jus
761 2597 911 2653 istud
928 2603 1242 2671 competere
1264 2599 1471 2666 throno,
1493 2616 1597 2653 non
1621 2601 1733 2663 tun,-
1763 2599 1818 2653 id
1839 2604 1943 2667 cst,

65 2695 324 2767 competit
367 2695 642 2750 continuae
677 2712 871 2767 regum
913 2697 1070 2749 seriei
1106 2713 1202 2753 seu
1238 2695 1486 2768 ipsorum
1516 2697 1705 2750 morali
1745 2714 1945 2750 succes·

61 2789 217 2856 sioni,
254 2796 306 2843 at
346 2807 455 2844 non
500 2790 763 2863 competit
798 2790 900 2844 ulli
936 2790 1051 2862 regi
1085 2790 1269 2845 Galliae
1303 2791 1659 2863 singulariter
1698 2798 1940 2866 sumpto;

64 2884 185 2951 has,
213 2886 460 2956 inquam,
498 2887 706 2943 naenias
735 2887 782 2942 si
805 2887 1075 2942 Ludovico
1113 2888 1214 2942 XIV
1242 2889 1578 2944 obtrudisset
1599 2888 1942 2959 BossuetiuS,

70 2978 203 3047 quid
235 2979 301 3034 de
335 2981 451 3052 ipso
476 3001 569 3037 rex
601 2984 696 3039 ille
721 2985 1046 3056 cogitasset?
1080 2986 1280 3041 Procul
1310 2986 1479 3041 dubio
1508 2993 1692 3041 mente
1718 2991 1943 3057 captum

68 3069 408 3126 Bossuetium
448 3082 779 3147 reputasset.
829 3078 931 3134 Sed
976 3086 1027 3134 et
1071 3081 1188 3153 ipse
1225 3080 1566 3148 BossuetiuS,
1610 3078 1832 3150 quando
1876 3077 1944 3132 de

70 3168 213 3221 sedis
247 3183 358 3221 suae
377 3167 598 3238 juribus
629 3171 980 3242 loquebatur,
1009 3175 1284 3245 numquid
1309 3174 1640 3238 somniabat,
1673 3173 1801 3243 jura
1828 3173 1942 3227 haec

76 3261 173 3317 toti
197 3261 483 3317 dumtaxat
504 3263 859 3320 Meldensium
882 3268 1278 3340 Episcoporum
1304 3271 1458 3323 seriei
1477 3273 1808 3340 competere,
1830 3286 1941 3323 non

71 3364 254 3413 autem
282 3358 582 3431 unicuique
608 3359 864 3414 Meldensi
891 3361 1138 3430 Praesuli,
1178 3380 1286 3416 non
1318 3362 1453 3416 sibi?

138 3455 390 3527 Aliquam
435 3455 628 3511 saltem
666 3454 895 3511 rationis
938 3456 1142 3510 larvam
1182 3474 1293 3531 prae
1337 3475 1394 3512 se
1431 3458 1638 3514 serebat
1681 3460 1936 3519 Gersonis

66 3550 367 3622 distinctio,
401 3570 507 3625 qua
544 3570 642 3627 per
677 3553 860 3609 Sedem
897 3554 1183 3609 Romanam
1217 3554 1272 3608 in
1306 3555 1535 3628 objectis
1570 3556 1673 3612 sihi
1699 3560 1934 3617 textibus
