2410 4114
927 245 1055 292 PARS
1085 244 1253 291 PRIMA.
1986 244 2041 291 19

157 352 324 409 minis
357 353 543 408 habet.
565 351 718 415 Quod
746 351 792 407 si
820 367 945 407 oves
975 349 1414 423 independenter
1443 350 1511 407 ab
1533 349 1654 424 ipso
1683 366 1804 405 sese
1827 366 2041 423 regere,

155 450 239 507 vel
265 450 334 506 ab
363 449 472 505 alio
505 449 620 521 regi
651 449 920 517 valerent,
959 444 1078 519 ipse
1114 447 1442 505 nullatenus
1481 452 1670 522 pastor
1699 453 1865 504 esset.
1893 447 2046 504 Unde

155 550 479 623 metaphora
509 548 604 602 illa
631 548 852 622 plenam
898 543 1083 616 arguit
1121 543 1278 600 Petro
1320 545 1581 601 collatam
1627 545 1917 619 regiminis
1950 564 2046 622 po-

159 652 411 701 testatem
445 643 627 718 quoad
658 658 850 698 omnes
874 640 1076 695 Christi
1104 639 1317 696 fideles.
1355 643 1589 716 Insuper
1628 643 1748 717 ipsa
1787 663 1890 700 vox
1918 663 2048 718 pas-

158 761 290 812 cere,
332 743 389 796 in
419 746 532 796 tota
562 745 710 795 retro
740 738 1100 810 antiquitate,
1133 736 1281 792 idem
1321 743 1481 792 sonat
1512 755 1576 792 ac
1617 757 1834 810 reqere;
1877 741 1954 796 ita
1983 747 2049 797 ut

156 838 320 894 etiam
360 854 517 909 reges
558 836 660 892 hoc
696 842 986 911 pastorum
1017 834 1246 890 nomine
1270 830 1553 907 designari
1589 834 1825 890 soleant.
1856 837 2050 894 Home—

157 954 275 1007 rus,
312 935 462 991 verbi
498 934 698 1006 gratia,
726 934 1198 1007 Agamemnonem
1233 938 1390 988 vocat
1415 940 1687 1005 pastorem
1706 934 2048 1006 populorum,

156 1041 353 1111 ποίμςνοι
379 1039 531 1089 λαῶν.
561 1033 697 1088 Cum
721 1050 850 1106 ergo
878 1033 1036 1087 Petro
1061 1031 1312 1087 Christus
1345 1031 1692 1087 commiserit
1719 1036 2049 1106 potestatem

159 1129 444 1205 pascendi,
480 1129 536 1184 id
577 1135 681 1198 est,
730 1129 984 1202 regendi,
1016 1134 1071 1184 et
1112 1128 1340 1201 quidem
1385 1128 1569 1201 quoad
1612 1147 1791 1184 omnes
1820 1147 1948 1186 oves
1992 1148 2053 1185 ac

159 1246 327 1300 agnos
373 1246 539 1296 suos,
592 1227 848 1300 sequitur
890 1227 1048 1282 Petro
1096 1226 1363 1281 collatum
1412 1226 1586 1282 fuisse
1640 1227 2054 1300 jurisdictionis

161 1324 460 1398 primatum
502 1343 599 1381 seu
645 1342 965 1400 supremam
1000 1324 1254 1380 Ecclesiae
1298 1324 1632 1381 universalis
1678 1326 2054 1398 gubernandae

158 1422 569 1479 auctoritatem.

235 1519 317 1573 Vl.
363 1519 715 1591 Confirmatm‘
742 1538 805 1574 ex
830 1523 990 1573 variis
1011 1522 1376 1590 praeroqativis
1400 1521 1589 1590 quaein
1611 1537 1765 1573 sacra
1781 1522 2054 1592 Scriptura

168 1616 322 1670 Petro
366 1617 678 1671 tribuuntur.
726 1647 802 1656 —
850 1614 1132 1686 Ejusmodi
1182 1615 1588 1688 praerogativae,
1637 1615 1830 1670 saltem
1887 1616 2056 1672 simul

166 1717 424 1784 sumptae,
451 1715 771 1783 supponunt
799 1716 849 1765 ct
873 1711 1133 1765 evincunt
1177 1712 1334 1765 Petro
1360 1711 1623 1766 collatum
1652 1711 1824 1766 fuisse
1851 1714 2057 1785 prima—

169 1814 308 1874 tum,
346 1824 455 1861 non
483 1806 625 1862 meri
649 1807 875 1862 honoris
899 1807 1189 1875 duntaxat,
1215 1806 1310 1861 sed
1346 1811 1398 1861 et
1428 1806 1858 1880 jurisdictionis,
1887 1809 2057 1865 Hasce

168 1903 549 1977 praerogativas
594 1921 982 1960 recenseamus
1015 1925 1024 1956 :
1055 1904 1109 1958 1⁰
1139 1904 1314 1977 ipsius
1356 1922 1561 1960 nomen
1609 1904 1846 1960 mutavit
1878 1905 2057 1960 Chris-

173 2006 284 2069 ωε,
319 2006 370 2055 et
409 2001 615 2056 vocavit
645 2001 891 2066 Petrum‚·
929 2001 1086 2074 cujus
1117 2001 1372 2056 vocabuli
1413 2001 1745 2074 significatio
1787 2003 2058 2057 excellen-

171 2096 303 2151 tiam
333 2097 633 2168 quamdam
665 2098 913 2164 denotat;
946 2098 1254 2172 praesertim
1287 2116 1413 2153 cum
1447 2098 1565 2172 ipse
1591 2081 1842 2154 Christus
1877 2100 2056 2154 mani-

170 2193 370 2250 festum
414 2195 602 2250 fecerit
645 2196 876 2269 hujusce
916 2196 1240 2252 mutationis
1287 2214 1537 2271 scopum,
1580 2196 1837 2252 videlicet
1878 2203 1940 2253 ut
1974 2198 2059 2253 vel
2124 2214 2128 2217 ’

174 2291 393 2347 nomine
423 2293 588 2365 hujus
615 2293 858 2367 Apostoli
889 2294 1248 2349 denotaretur
1278 2293 1411 2365 quid
1439 2293 1664 2348 tuturus
1694 2299 1837 2349 esset
1871 2293 1928 2348 in
1960 2293 2059 2349 Ec-

172 2388 361 2455 clesia,
391 2389 446 2442 id
477 2395 580 2457 est,
618 2390 1050 2446 fundamentalis
1083 2408 1250 2465 rupes
1296 2396 1467 2446 totam
1508 2396 1850 2447 structuram
1893 2391 2059 2447 susti-

174 2502 308 2538 nens
338 2505 348 2536 z
391 2486 462 2540 Τιι
488 2504 542 2539 es
571 2486 755 2542 Petrus
791 2497 838 2542 et
858 2507 1014 2560 super
1044 2490 1176 2542 hanc
1207 2496 1410 2560 petram
1445 2489 1749 2559 aedificabo;
1786 2490 1841 2543 2⁰
1866 2489 2059 2542 Petrus

172 2581 350 2654 primo
389 2582 507 2636 loco
550 2600 766 2655 semper
798 2585 1142 2650 nominatur,
1173 2591 1226 2639 et
1268 2586 1505 2639 aliorum
1538 2586 1926 2657 Apostolorum
1964 2603 2059 2639 no-

175 2677 323 2732 mine
352 2678 635 2750 loquitur;
678 2679 733 2733 5⁰
766 2679 914 2734 solus
944 2681 1137 2734 Petrus
1175 2697 1303 2733 cum
1336 2679 1565 2734 Domino
1607 2680 1855 2735 ambulat
1891 2699 2059 2755 super

175 2791 346 2844 aquas
368 2797 377 2838 3
411 2776 464 2829 4⁰
491 2774 748 2829 revelatio
775 2773 1080 2829 divinitatis
1103 2774 1298 2830 Christi
1323 2776 1479 2831 Petro
1499 2776 1600 2832 soli
1623 2776 1682 2832 fit
1710 2794 1739 2832 a
1765 2778 1870 2832 Deo
1898 2777 2059 2832 Patre

175 2871 384 2941 (Matth.
417 2873 486 2945 vi)
515 2896 524 2938 ;
587 2878 639 2927 et
691 2872 884 2927 Petrus
940 2871 1092 2926 solus
1142 2873 1284 2928 hanc
1331 2873 1676 2930 divinitatem
1725 2875 2053 2942 confitetur3

175 2970 230 3020 3⁰
254 2969 680 3040 promissionem
715 2975 993 3043 perpetuae
1019 2970 1337 3027 stabilitatis
1360 2972 1532 3028 solius
1556 2972 1698 3028 Petri
1725 2972 1881 3030 sedes
1912 2992 2059 3031 recc-

174 3065 282 3138 pit;
312 3084 440 3120 nam
468 3067 561 3122 ubi
597 3067 821 3134 dicitur,
852 3075 903 3122 et
930 3076 1098 3139 portae
1123 3070 1279 3140 inseri
1302 3088 1407 3125 non
1439 3072 1787 3144 praevalebunt
1808 3073 2059 3126 adversus

175 3180 310 3229 eam,
334 3182 435 3217 vox
458 3183 572 3219 eam
598 3164 838 3220 refertur
856 3165 1021 3219 etiam
1048 3166 1115 3221 ad
1138 3175 1361 3239 petram,
1382 3174 1444 3224 ut
1469 3186 1533 3224 ex
1562 3169 1681 3243 ipso
1702 3175 1856 3224 textu
1883 3174 2054 3242 patet,

176 3265 225 3312 et
270 3258 661 3316 intellexerunt
709 3262 886 3317 sancti
933 3262 1150 3332 Patres,
1201 3265 1479 3340 imprimis
1516 3266 1796 3338 Origenes,‚
1841 3283 2057 3321 necnon

174 3362 399 3410 sanctus
423 3356 790 3428 AugustinuS,
825 3359 921 3431 qui
959 3360 1039 3415 sic
1077 3361 1239 3416 hahet
1267 3383 1278 3414 ε
1319 3363 1443 3434 Ipsa
1468 3372 1544 3418 est
1569 3363 1725 3418 Petra
1753 3381 1907 3434 quam
1951 3382 2055 3419 non

175 3453 374 3507 vincunt
410 3455 641 3526 superbae
669 3455 959 3525 inferorum
977 3466 1178 3529 portae;
1220 3459 1275 3512 6⁰
1307 3457 1555 3514 Christus
1581 3477 1681 3532 pro
1708 3476 1765 3514 se
1800 3466 1853 3515 et
1898 3460 2057 3517 Petro

177 3548 290 3603 solo
330 3549 608 3606 tributum
645 3552 778 3607 solvi
811 3554 1002 3626 jubet;
1057 3573 1179 3626 quae
1209 3555 1411 3610 solutio
1449 3573 1545 3629 per
1572 3557 1905 3614 miraculum
1933 3577 2058 3634 per-

175 3644 359 3715 agitur
388 3646 595 3705 t'Matth.
631 3668 752 3718 xvii,
775 3650 903 3720 25);
945 3651 994 3706 7ο
1024 3650 1268 3707 Christus
1305 3651 1448 3708 Petri
1474 3654 1784 3711 naviculam
1811 3657 2057 3731 ingredi-
