2410 4114
314 279 371 325 12
987 274 1276 322 TRACTATUS
1309 276 1373 322 DE
1405 276 1550 324 ΡΑΡΑ.

316 386 484 444 dixit:
506 388 587 443 Tu
605 404 665 443 es
680 385 871 442 Simon
884 382 1037 440 filius
1059 383 1195 440 Jona
1213 406 1224 450 3
1253 390 1315 440 tu
1333 383 1625 441 vocaberis
1641 383 1876 460 Cephas‚
1892 387 2043 461 quod
2062 385 2236 443 inter-

319 492 576 561 pretatur
595 486 811 541 Petrus.
835 482 1177 556 »Postquam
1203 489 1395 540 autem
1418 485 1615 539 Petrus
1637 482 1918 540 Christum
1937 485 2234 542 confessus

321 591 406 642 est
444 583 537 639 Dei
565 582 674 638 vivi
706 581 910 652 filium,
950 582 1066 638 haec
1099 582 1314 639 audivit
1348 584 1417 639 ad
1466 602 1526 640 se
1561 583 1772 640 directa
1804 581 1995 640 divina
2024 584 2192 640 verba
2219 605 2231 637 ε

323 704 351 736 «
381 683 584 738 Beatus
611 698 746 737 es...
769 703 779 748 ;
812 685 866 736 et
892 697 994 752 ego
1018 680 1142 737 dico
1161 681 1266 738 tibi
1285 682 1416 756 quia
1442 687 1502 737 tu
1526 699 1586 738 es
1611 681 1814 738 Petrus
1843 686 1897 737 et
1925 700 2085 756 super
2106 682 2239 739 hanc

311 789 520 856 petram
559 780 825 852 aedificabo
851 777 1142 835 Ecclesiam
1173 799 1366 848 meam,
1398 786 1453 836 et
1486 785 1662 855 portae
1687 779 1862 837 inferi
1889 798 2002 836 non
2030 799 2236 855 praeva-

317 879 516 936 lebunt
557 878 830 935 adversus
871 896 995 934 eam
1026 901 1051 931 »
1088 881 1302 954 (Matth.
1335 901 1407 952 w,
1440 880 1560 952 16).·
1587 880 1663 936 Ex
1696 899 1807 954 quo
1838 885 1992 938 textu
2033 880 2115 936 sic
2153 897 2238 936 ar-

313 977 543 1052 guimus
577 999 586 1031 ·.
618 976 717 1034 ille
747 977 1058 1052 primatum
1098 979 1293 1036 habuit
1323 980 1555 1036 honoris
1591 986 1642 1036 et
1685 979 2111 1054 jurisdictionis
2141 980 2238 1054 qui

316 1076 371 1131 1ο
415 1076 760 1132 constitutus
804 1082 890 1132 est
918 1077 1180 1134 Ecclesiae
1209 1079 1671 1150 tundamentum,
1720 1083 1774 1134 et
1805 1077 1901 1152 qui
1932 1078 1987 1132 2⁰
2029 1077 2240 1135 eonsti-

315 1179 474 1231 tutus
501 1176 603 1230 hoe
637 1174 759 1249 ipso
802 1175 912 1232 fuit
955 1177 1290 1233 auctoritate
1319 1178 1581 1251 superior
1614 1176 1970 1251 quibuslibet
1999 1176 2130 1232 aliis
2172 1194 2239 1232 ex

316 1274 526 1347 quibus
570 1274 837 1332 coalescit
890 1276 1161 1333 Ecclesia.
1197 1276 1366 1351 Atqui
1395 1277 1514 1333 haec
1551 1277 1663 1334 duo
1695 1295 1763 1334 ex
1785 1277 2054 1353 praedicto
2082 1281 2240 1333 textu

317 1378 599 1428 constant.
1907 1371 1919 1384 ”

392 1468 448 1522 1⁰
474 1470 668 1524 Petrus
698 1474 1014 1527 constitutus
1042 1481 1115 1528 est
1150 1472 1510 1545 personaliter
1538 1473 1783 1528 Ecclesiae
1812 1472 2236 1543 fundamentum.

314 1598 386 1607 -—-
418 1566 497 1622 Ita
527 1567 852 1623 necessario
882 1567 1302 1624 admittendum
1333 1575 1438 1636 est,
1466 1569 1513 1624 si
1555 1587 1718 1626 voces
1745 1570 1888 1638 istae,
1919 1588 2082 1642 super
2109 1572 2242 1625 hanc

309 1672 544 1737 petram,
567 1670 702 1734 ete,
738 1664 1056 1736 dirigantur
1081 1666 1455 1740 personaliter
1475 1667 1543 1721 ad
1570 1667 1822 1738 Petrum,
1852 1667 1908 1722 id
1932 1674 2034 1738 est,
2058 1668 2126 1723 ad
2157 1668 2242 1742 ip-

316 1767 554 1817 sammet
572 1779 875 1835 personam
900 1762 1067 1817 Petri.
1099 1763 1272 1836 Atqui
1296 1782 1484 1819 revera
1506 1765 1674 1820 verba
1703 1767 1820 1822 haec
1844 1766 1913 1820 ad
1941 1784 2242 1839 personam

316 1857 466 1934 Petri
496 1858 845 1932 diriguntur.

404 1956 608 2028 Primo,
661 1956 719 2011 id
771 1964 991 2014 constat
1025 1977 1090 2014 ex
1124 1959 1504 2033 promissione
1550 1960 1797 2017 nominis
1842 1962 2070 2036 Ccphas.
2104 1963 2243 2018 Nam

327 2055 628 2130 promissio
656 2056 771 2112 haec
814 2056 1029 2130 aliquid
1063 2058 1328 2132 speciale,
1366 2059 1645 2116 excellens
1685 2067 1736 2116 et
1767 2060 2033 2117 eximium
2087 2062 2244 2117 Petro

327 2153 699 2210 determinate
749 2155 1175 2211 concedendum
1231 2157 1458 2213 exhibet
1500 2176 1564 2213 ac
1611 2159 2032 2232 complectitur.
2075 2160 2247 2215 Porro

321 2252 467 2307 nihil
495 2253 738 2326 speciale
755 2272 869 2328 prae
895 2271 954 2309 se
980 2253 1177 2325 ferret,
1201 2255 1312 2311 nisi
1335 2274 1501 2313 voces
1525 2256 1663 2325 istae,
1683 2276 1845 2330 super
1858 2258 1992 2314 hanc
2008 2268 2242 2333 petram,

325 2349 649 2423 dirigantur
682 2352 749 2407 ad
781 2371 1087 2425 personam
1125 2354 1279 2411 illius
1307 2356 1399 2412 eui
1431 2356 1648 2413 dietum
1674 2357 1881 2428 fuerat⁷
1911 2360 2245 2414 moecaberis

328 2451 555 2523 CephaS,
589 2457 641 2507 et
669 2452 760 2507 cui
811 2453 902 2509 hie
944 2459 998 2509 et
1034 2473 1190 2510 nunc
1239 2455 1451 2512 dieitur
1480 2466 1532 2512 ῖιι
1572 2476 1626 2512 es
1662 2458 1871 2513 Petrus.
1923 2459 2064 2531 Ergo
2089 2465 2246 2532 petra

326 2558 499 2614 supra
546 2561 712 2615 quam
765 2544 1037 2600 fundatur
1067 2545 1336 2614 Ecclesia,
1370 2553 1454 2603 est
1491 2547 1612 2621 ipse
1650 2548 1846 2605 Petrus
1872 2567 1973 2605 seu
2004 2567 2245 2624 persona

325 2639 494 2695 Petri.

403 2737 667 2806 Secundo,
704 2739 857 2796 idem
889 2747 1107 2799 constat
1143 2762 1207 2799 ex
1237 2762 1368 2800 voce
1410 2746 1565 2818 hanc,
1595 2763 1719 2819 quae
1741 2743 2246 2816 grammaticaliter

326 2851 427 2890 seu
453 2854 519 2890 ex
563 2839 841 2893 sermonis
885 2841 1210 2898 conditione
1242 2825 1473 2898 nonriisi
1507 2844 1577 2899 ad
1602 2843 1829 2899 Petrum
1871 2843 2035 2898 modo
2064 2843 2242 2898 nomi-

323 2941 519 2990 natum
546 2935 746 2992 referri
774 2943 976 3010 potest.
1022 2939 1131 2995 Nee
1163 2941 1347 2996 obstat
1379 2941 1531 3013 quod
1578 2941 1652 2996 sit
1677 2941 1951 2996 foeminini
1994 2941 2242 3015 generiS‚

324 3049 427 3086 vox
459 3038 649 3088 autem
677 3035 866 3091 Petrus
908 3037 1234 3093 masculini.
1267 3038 1406 3093 Nam
1454 3038 1513 3092 in
1542 3038 1736 3112 lingua
1770 3039 2059 3110 hebraica,
2091 3039 2246 3095 chal-

326 3127 505 3198 daica,
542 3135 596 3186 et
619 3131 855 3208 syriaca,
887 3152 949 3189 ac
977 3133 1214 3208 proinde
1242 3135 1299 3190 in
1327 3136 1524 3209 lingua
1552 3155 1663 3210 qua
1690 3136 1945 3193 Christus
1973 3156 2112 3193 usus
2136 3143 2242 3208 est,

327 3243 441 3282 non
471 3234 645 3284 exstat
675 3229 771 3286 illa
804 3233 1026 3304 generis
1056 3232 1383 3301 diversitas3
1423 3235 1501 3291 ita
1529 3242 1593 3291 ut
1637 3235 1872 3310 perinde
1900 3235 1973 3291 sit
2007 3255 2070 3292 ac
2101 3235 2145 3291 si
2171 3235 2248 3290 la-

329 3325 448 3381 tine
475 3327 779 3400 diceretur,
832 3341 887 3387 tu
925 3351 977 3387 es
1009 3332 1201 3388 Petrus
1227 3343 1274 3388 et
1300 3353 1456 3406 super
1500 3336 1632 3391 hunc
1662 3336 1918 3399 Petrum‚·
1947 3336 2059 3404 vel,
2099 3343 2154 3389 tu
2191 3352 2246 3388 es

327 3433 483 3495 petra
527 3437 574 3482 et
603 3448 762 3500 supe-r
799 3431 935 3486 hanc
975 3439 1204 3503 petram.
1242 3433 1511 3490 Praeterea
1548 3433 1692 3508 quod
1742 3433 2080 3490 vocabulum
2111 3433 2250 3486 hanc

335 3520 417 3575 ibi
445 3524 512 3577 ad
540 3544 840 3598 personam
863 3530 1010 3585 Petri
1042 3531 1341 3588 referenda
1369 3532 1460 3604 sit,
1487 3539 1641 3607 patet
1665 3551 1732 3588 ex
1755 3550 1819 3587 eo
1850 3530 2001 3602 quod
2038 3530 2248 3585 absone

339 3618 408 3672 ad
444 3620 608 3676 aliam
639 3639 964 3699 personam,
1001 3629 1090 3686 vel
1116 3629 1184 3685 ad
1213 3630 1429 3704 aliquid
1458 3631 1616 3686 aliud
1640 3613 1971 3684 referretur.
2009 3627 2142 3681 Nam
2168 3627 2247 3682 ibi

338 3716 595 3774 Christus
623 3720 844 3780 Petrum
870 3725 1138 3783 distincte
1162 3747 1226 3783 ac
1257 3729 1627 3784 determinate
1653 3725 1988 3798 alloquitur,
2018 3723 2248 3780 cumdi-
