<?xml version="1.0" encoding="UTF-8"?>
<!DOCTYPE html PUBLIC "-//W3C//DTD XHTML 1.0 Transitional//EN"
    "http://www.w3.org/TR/xhtml1/DTD/xhtml1-transitional.dtd">
<html xmlns="http://www.w3.org/1999/xhtml" xml:lang="en" lang="en">
 <head>
  <title>
</title>
<meta http-equiv="Content-Type" content="text/html;charset=utf-8" />
  <meta name='ocr-system' content='tesseract 3.04.00' />
  <meta name='ocr-capabilities' content='ocr_page ocr_carea ocr_par ocr_line ocrx_word'/>
</head>
<body>
  <div class='ocr_page' id='page_1' title='image "a548470101bouiuoft_0074.png"; bbox 0 0 2372 4108; ppageno 0'>
   <div class='ocr_carea' id='block_1_1' title="bbox 325 221 1566 281">
    <p class='ocr_par' dir='ltr' id='par_1_1' title="bbox 325 221 1566 281">
     <span class='ocr_line' id='line_1_1' title="bbox 325 221 1566 281; baseline -0.001 -9"><span class='ocrx_word' id='word_1_1' title='bbox 325 235 384 281; x_wconf 80' lang='grc'>64</span> <span class='ocrx_word' id='word_1_2' title='bbox 994 221 1290 271; x_wconf 84' lang='lat' dir='ltr'>TRACTATUS</span> <span class='ocrx_word' id='word_1_3' title='bbox 1322 222 1388 268; x_wconf 90' lang='lat' dir='ltr'>DE</span> <span class='ocrx_word' id='word_1_4' title='bbox 1422 223 1566 272; x_wconf 85' lang='grc' dir='ltr'><strong>ΡΑΡΑ.</strong></span> 
     </span>
    </p>
   </div>
   <div class='ocr_carea' id='block_1_2' title="bbox 322 328 2262 3755">
    <p class='ocr_par' dir='ltr' id='par_1_2' title="bbox 322 328 2262 3755">
     <span class='ocr_line' id='line_1_2' title="bbox 326 328 2244 414; baseline -0.002 -17"><span class='ocrx_word' id='word_1_5' title='bbox 326 358 452 414; x_wconf 86' lang='lat' dir='ltr'>quae</span> <span class='ocrx_word' id='word_1_6' title='bbox 471 338 878 413; x_wconf 86' lang='lat' dir='ltr'>subjectionem</span> <span class='ocrx_word' id='word_1_7' title='bbox 905 338 958 386; x_wconf 90' lang='lat' dir='ltr'>et</span> <span class='ocrx_word' id='word_1_8' title='bbox 982 328 1151 414; x_wconf 86' lang='lat' dir='ltr'>fidem</span> <span class='ocrx_word' id='word_1_9' title='bbox 1190 328 1582 386; x_wconf 84' lang='lat' dir='ltr'>omnimodam</span> <span class='ocrx_word' id='word_1_10' title='bbox 1611 334 1853 407; x_wconf 80' lang='lat' dir='ltr'>requirit</span> <span class='ocrx_word' id='word_1_11' title='bbox 1883 342 1936 393; x_wconf 91' lang='lat' dir='ltr'>et</span> <span class='ocrx_word' id='word_1_12' title='bbox 1966 336 2244 412; x_wconf 85' lang='lat' dir='ltr'>praecipit,</span> 
     </span>
     <span class='ocr_line' id='line_1_3' title="bbox 326 428 2247 513; baseline -0.002 -17"><span class='ocrx_word' id='word_1_13' title='bbox 326 457 563 513; x_wconf 84' lang='lat' dir='ltr'>quaeque</span> <span class='ocrx_word' id='word_1_14' title='bbox 576 437 672 510; x_wconf 89' lang='lat' dir='ltr'>jus</span> <span class='ocrx_word' id='word_1_15' title='bbox 693 450 862 490; x_wconf 91' lang='lat' dir='ltr'>suum</span> <span class='ocrx_word' id='word_1_16' title='bbox 878 428 1083 505; x_wconf 91' lang='lat' dir='ltr'>repetit</span> <span class='ocrx_word' id='word_1_17' title='bbox 1104 446 1174 484; x_wconf 84' lang='lat' dir='ltr'>ex</span> <span class='ocrx_word' id='word_1_18' title='bbox 1193 428 1436 487; x_wconf 87' lang='lat' dir='ltr'>veritate</span> <span class='ocrx_word' id='word_1_19' title='bbox 1450 429 1733 488; x_wconf 90' lang='lat' dir='ltr'>factorum</span> <span class='ocrx_word' id='word_1_20' title='bbox 1756 433 2024 506; x_wconf 88' lang='lat' dir='ltr'>istorum,</span> <span class='ocrx_word' id='word_1_21' title='bbox 2040 454 2247 511; x_wconf 80' lang='lat' dir='ltr'>nempe</span> 
     </span>
     <span class='ocr_line' id='line_1_4' title="bbox 325 527 2247 608; baseline -0.001 -16"><span class='ocrx_word' id='word_1_22' title='bbox 325 555 356 592; x_wconf 91' lang='lat' dir='ltr'>a</span> <span class='ocrx_word' id='word_1_23' title='bbox 373 537 619 591; x_wconf 89' lang='lat' dir='ltr'>Romano</span> <span class='ocrx_word' id='word_1_24' title='bbox 641 528 907 586; x_wconf 87' lang='lat' dir='ltr'>Pontifice</span> <span class='ocrx_word' id='word_1_25' title='bbox 932 527 1024 584; x_wconf 91' lang='lat' dir='ltr'>cui</span> <span class='ocrx_word' id='word_1_26' title='bbox 1043 527 1334 601; x_wconf 87' lang='lat' dir='ltr'>conjuncti</span> <span class='ocrx_word' id='word_1_27' title='bbox 1354 534 1487 584; x_wconf 87' lang='lat' dir='ltr'>sunt</span> <span class='ocrx_word' id='word_1_28' title='bbox 1515 547 1714 586; x_wconf 90' lang='lat' dir='ltr'>omnes</span> <span class='ocrx_word' id='word_1_29' title='bbox 1733 531 2015 608; x_wconf 83' lang='lat' dir='ltr'>Episcopi,</span> <span class='ocrx_word' id='word_1_30' title='bbox 2033 534 2247 607; x_wconf 87' lang='lat' dir='ltr'>quique</span> 
     </span>
     <span class='ocr_line' id='line_1_5' title="bbox 324 629 2249 701; baseline 0.001 -14"><span class='ocrx_word' id='word_1_31' title='bbox 324 631 718 687; x_wconf 87' lang='lat' dir='ltr'>auctoritatem</span> <span class='ocrx_word' id='word_1_32' title='bbox 752 647 915 684; x_wconf 89' lang='lat' dir='ltr'>suam</span> <span class='ocrx_word' id='word_1_33' title='bbox 945 645 1118 701; x_wconf 90' lang='lat' dir='ltr'>quam</span> <span class='ocrx_word' id='word_1_34' title='bbox 1150 645 1348 683; x_wconf 88' lang='lat' dir='ltr'>omnes</span> <span class='ocrx_word' id='word_1_35' title='bbox 1385 629 1629 684; x_wconf 82' lang='lat' dir='ltr'>revereri</span> <span class='ocrx_word' id='word_1_36' title='bbox 1660 637 1927 688; x_wconf 88' lang='lat' dir='ltr'>tenentur</span> <span class='ocrx_word' id='word_1_37' title='bbox 1955 649 2013 687; x_wconf 94' lang='lat' dir='ltr'>se</span> <span class='ocrx_word' id='word_1_38' title='bbox 2042 634 2249 690; x_wconf 86' lang='lat' dir='ltr'>habere</span> 
     </span>
     <span class='ocr_line' id='line_1_6' title="bbox 322 726 2248 804; baseline 0.002 -21"><span class='ocrx_word' id='word_1_39' title='bbox 322 728 619 804; x_wconf 86' lang='lat' dir='ltr'>profitetur</span> <span class='ocrx_word' id='word_1_40' title='bbox 634 747 698 784; x_wconf 84' lang='lat' dir='ltr'>ex</span> <span class='ocrx_word' id='word_1_41' title='bbox 711 746 774 784; x_wconf 93' lang='lat' dir='ltr'>eo</span> <span class='ocrx_word' id='word_1_42' title='bbox 793 726 943 801; x_wconf 89' lang='lat' dir='ltr'>quod</span> <span class='ocrx_word' id='word_1_43' title='bbox 957 728 1029 784; x_wconf 90' lang='lat' dir='ltr'>sit</span> <span class='ocrx_word' id='word_1_44' title='bbox 1048 745 1343 784; x_wconf 78' lang='lat' dir='ltr'>successor</span> <span class='ocrx_word' id='word_1_45' title='bbox 1363 727 1641 803; x_wconf 90' lang='lat' dir='ltr'>Principis</span> <span class='ocrx_word' id='word_1_46' title='bbox 1654 731 2047 804; x_wconf 70' lang='lat' dir='ltr'>Apostolorum</span> <span class='ocrx_word' id='word_1_47' title='bbox 2061 731 2248 787; x_wconf 82' lang='lat' dir='ltr'>Romae</span> 
     </span>
     <span class='ocr_line' id='line_1_7' title="bbox 322 825 2249 902; baseline 0.003 -21"><span class='ocrx_word' id='word_1_48' title='bbox 322 826 556 894; x_wconf 84' lang='lat' dir='ltr'>mortui,</span> <span class='ocrx_word' id='word_1_49' title='bbox 580 825 884 902; x_wconf 81' lang='lat' dir='ltr'>ipsiusque</span> <span class='ocrx_word' id='word_1_50' title='bbox 901 825 1090 882; x_wconf 92' lang='lat' dir='ltr'>sedem</span> <span class='ocrx_word' id='word_1_51' title='bbox 1108 834 1345 902; x_wconf 90' lang='lat' dir='ltr'>occupet</span> <span class='ocrx_word' id='word_1_52' title='bbox 1369 834 1421 884; x_wconf 90' lang='lat' dir='ltr'>et</span> <span class='ocrx_word' id='word_1_53' title='bbox 1442 827 1838 885; x_wconf 86' lang='lat' dir='ltr'>auctoritatem</span> <span class='ocrx_word' id='word_1_54' title='bbox 1859 829 1995 887; x_wconf 86' lang='lat' dir='ltr'>huic</span> <span class='ocrx_word' id='word_1_55' title='bbox 2008 829 2134 886; x_wconf 89' lang='lat' dir='ltr'>Sedi</span> <span class='ocrx_word' id='word_1_56' title='bbox 2150 849 2249 886; x_wconf 85' lang='lat' dir='ltr'>an-</span> 
     </span>
     <span class='ocr_line' id='line_1_8' title="bbox 322 924 2250 999; baseline 0.003 -20"><span class='ocrx_word' id='word_1_57' title='bbox 322 942 527 980; x_wconf 82' lang='lat' dir='ltr'>nexam</span> <span class='ocrx_word' id='word_1_58' title='bbox 544 924 957 980; x_wconf 83' lang='lat' dir='ltr'>haereditaverit</span> <span class='ocrx_word' id='word_1_59' title='bbox 975 931 1026 981; x_wconf 92' lang='lat' dir='ltr'>et</span> <span class='ocrx_word' id='word_1_60' title='bbox 1043 932 1312 982; x_wconf 86' lang='lat' dir='ltr'>exerceat.</span> <span class='ocrx_word' id='word_1_61' title='bbox 1330 925 1497 999; x_wconf 81' lang='lat' dir='ltr'>Atqui</span> <span class='ocrx_word' id='word_1_62' title='bbox 1516 925 1747 983; x_wconf 88' lang='lat' dir='ltr'>traditio</span> <span class='ocrx_word' id='word_1_63' title='bbox 1763 927 1901 995; x_wconf 67' lang='lat' dir='ltr'>haee,</span> <span class='ocrx_word' id='word_1_64' title='bbox 1916 945 1983 982; x_wconf 80' lang='lat' dir='ltr'>ex</span> <span class='ocrx_word' id='word_1_65' title='bbox 2001 927 2100 983; x_wconf 92' lang='lat' dir='ltr'>tali</span> <span class='ocrx_word' id='word_1_66' title='bbox 2117 947 2250 985; x_wconf 91' lang='lat' dir='ltr'>auc-</span> 
     </span>
     <span class='ocr_line' id='line_1_9' title="bbox 324 1023 2253 1099; baseline 0.001 -20"><span class='ocrx_word' id='word_1_67' title='bbox 324 1023 551 1080; x_wconf 89' lang='lat' dir='ltr'>toritate</span> <span class='ocrx_word' id='word_1_68' title='bbox 575 1029 811 1092; x_wconf 87' lang='lat' dir='ltr'>servata,</span> <span class='ocrx_word' id='word_1_69' title='bbox 835 1041 950 1078; x_wconf 93' lang='lat' dir='ltr'>non</span> <span class='ocrx_word' id='word_1_70' title='bbox 973 1023 1225 1099; x_wconf 85' lang='lat' dir='ltr'>incipere</span> <span class='ocrx_word' id='word_1_71' title='bbox 1241 1024 1425 1099; x_wconf 86' lang='lat' dir='ltr'>potuit</span> <span class='ocrx_word' id='word_1_72' title='bbox 1450 1024 1562 1079; x_wconf 90' lang='lat' dir='ltr'>nisi</span> <span class='ocrx_word' id='word_1_73' title='bbox 1584 1025 1652 1080; x_wconf 89' lang='lat' dir='ltr'>ab</span> <span class='ocrx_word' id='word_1_74' title='bbox 1671 1024 1794 1099; x_wconf 91' lang='lat' dir='ltr'>ipsa</span> <span class='ocrx_word' id='word_1_75' title='bbox 1815 1024 2093 1080; x_wconf 86' lang='lat' dir='ltr'>factorum</span> <span class='ocrx_word' id='word_1_76' title='bbox 2110 1026 2253 1082; x_wconf 80' lang='lat' dir='ltr'>veri-</span> 
     </span>
     <span class='ocr_line' id='line_1_10' title="bbox 328 1121 2246 1198; baseline 0.002 -21"><span class='ocrx_word' id='word_1_77' title='bbox 328 1128 464 1179; x_wconf 91' lang='lat' dir='ltr'>tate.</span> <span class='ocrx_word' id='word_1_78' title='bbox 496 1121 552 1177; x_wconf 88' lang='lat' dir='ltr'>Si</span> <span class='ocrx_word' id='word_1_79' title='bbox 575 1121 727 1177; x_wconf 91' lang='lat' dir='ltr'>enim</span> <span class='ocrx_word' id='word_1_80' title='bbox 749 1129 980 1178; x_wconf 90' lang='lat' dir='ltr'>sanctus</span> <span class='ocrx_word' id='word_1_81' title='bbox 993 1122 1187 1179; x_wconf 90' lang='lat' dir='ltr'>Petrus</span> <span class='ocrx_word' id='word_1_82' title='bbox 1212 1122 1410 1180; x_wconf 86' lang='lat' dir='ltr'>Sedem</span> <span class='ocrx_word' id='word_1_83' title='bbox 1432 1123 1745 1179; x_wconf 82' lang='lat' dir='ltr'>Romanam</span> <span class='ocrx_word' id='word_1_84' title='bbox 1768 1130 2246 1198; x_wconf 84' lang='lat' dir='ltr'>nonoccupasset‚</span> 
     </span>
     <span class='ocr_line' id='line_1_11' title="bbox 328 1218 2249 1293; baseline 0.001 -19"><span class='ocrx_word' id='word_1_85' title='bbox 328 1236 432 1274; x_wconf 87' lang='lat' dir='ltr'>nec</span> <span class='ocrx_word' id='word_1_86' title='bbox 470 1219 579 1293; x_wconf 91' lang='lat' dir='ltr'>ipsi</span> <span class='ocrx_word' id='word_1_87' title='bbox 615 1218 928 1293; x_wconf 87' lang='lat' dir='ltr'>primatum</span> <span class='ocrx_word' id='word_1_88' title='bbox 971 1219 1352 1276; x_wconf 87' lang='lat' dir='ltr'>Pontificalem</span> <span class='ocrx_word' id='word_1_89' title='bbox 1393 1220 1707 1293; x_wconf 80' lang='lat' dir='ltr'>alligasset,</span> <span class='ocrx_word' id='word_1_90' title='bbox 1751 1237 1854 1275; x_wconf 88' lang='lat' dir='ltr'>nec</span> <span class='ocrx_word' id='word_1_91' title='bbox 1890 1238 2014 1276; x_wconf 88' lang='lat' dir='ltr'>eam</span> <span class='ocrx_word' id='word_1_92' title='bbox 2050 1227 2249 1277; x_wconf 91' lang='lat' dir='ltr'>tenens</span> 
     </span>
     <span class='ocr_line' id='line_1_12' title="bbox 330 1321 2249 1396; baseline 0.002 -20"><span class='ocrx_word' id='word_1_93' title='bbox 330 1327 591 1377; x_wconf 86' lang='lat' dir='ltr'>mortuus</span> <span class='ocrx_word' id='word_1_94' title='bbox 616 1327 782 1392; x_wconf 89' lang='lat' dir='ltr'>esset,</span> <span class='ocrx_word' id='word_1_95' title='bbox 812 1321 1077 1396; x_wconf 89' lang='lat' dir='ltr'>repulsus</span> <span class='ocrx_word' id='word_1_96' title='bbox 1109 1322 1308 1379; x_wconf 88' lang='lat' dir='ltr'>fuisset</span> <span class='ocrx_word' id='word_1_97' title='bbox 1347 1322 1701 1396; x_wconf 89' lang='lat' dir='ltr'>quicumque</span> <span class='ocrx_word' id='word_1_98' title='bbox 1735 1322 1916 1378; x_wconf 89' lang='lat' dir='ltr'>sancti</span> <span class='ocrx_word' id='word_1_99' title='bbox 1950 1323 2094 1378; x_wconf 86' lang='lat' dir='ltr'>Petri</span> <span class='ocrx_word' id='word_1_100' title='bbox 2125 1342 2249 1379; x_wconf 88' lang='lat' dir='ltr'>suc-</span> 
     </span>
     <span class='ocr_line' id='line_1_13' title="bbox 328 1420 2250 1492; baseline 0.001 -17"><span class='ocrx_word' id='word_1_101' title='bbox 328 1438 607 1476; x_wconf 79' lang='lat' dir='ltr'>cessorem</span> <span class='ocrx_word' id='word_1_102' title='bbox 636 1439 757 1476; x_wconf 91' lang='lat' dir='ltr'>sese</span> <span class='ocrx_word' id='word_1_103' title='bbox 771 1426 823 1476; x_wconf 90' lang='lat' dir='ltr'>et</span> <span class='ocrx_word' id='word_1_104' title='bbox 847 1421 1201 1477; x_wconf 82' lang='lat' dir='ltr'>auctoritatis</span> <span class='ocrx_word' id='word_1_105' title='bbox 1226 1420 1505 1476; x_wconf 73' lang='lat' dir='ltr'>haeredem</span> <span class='ocrx_word' id='word_1_106' title='bbox 1534 1421 1790 1492; x_wconf 82' lang='lat' dir='ltr'>ingerere</span> <span class='ocrx_word' id='word_1_107' title='bbox 1817 1427 2116 1491; x_wconf 82' lang='lat' dir='ltr'>tentasset,</span> <span class='ocrx_word' id='word_1_108' title='bbox 2144 1422 2250 1476; x_wconf 90' lang='lat' dir='ltr'>sub</span> 
     </span>
     <span class='ocr_line' id='line_1_14' title="bbox 329 1518 2250 1593; baseline -0.001 -19"><span class='ocrx_word' id='word_1_109' title='bbox 329 1537 392 1574; x_wconf 91' lang='lat' dir='ltr'>eo</span> <span class='ocrx_word' id='word_1_110' title='bbox 410 1523 695 1592; x_wconf 81' lang='lat' dir='ltr'>praetextu</span> <span class='ocrx_word' id='word_1_111' title='bbox 711 1518 861 1590; x_wconf 88' lang='lat' dir='ltr'>quod</span> <span class='ocrx_word' id='word_1_112' title='bbox 887 1518 1402 1593; x_wconf 86' lang='lat' dir='ltr'>occuparetSedem</span> <span class='ocrx_word' id='word_1_113' title='bbox 1416 1518 1729 1573; x_wconf 89' lang='lat' dir='ltr'>Romanam</span> <span class='ocrx_word' id='word_1_114' title='bbox 1750 1524 2024 1591; x_wconf 87' lang='lat' dir='ltr'>tanquam</span> <span class='ocrx_word' id='word_1_115' title='bbox 2055 1518 2250 1574; x_wconf 89' lang='lat' dir='ltr'>Sedem</span> 
     </span>
     <span class='ocr_line' id='line_1_15' title="bbox 327 1615 2254 1688; baseline 0 -16"><span class='ocrx_word' id='word_1_116' title='bbox 327 1617 470 1673; x_wconf 89' lang='lat' dir='ltr'>Petri</span> <span class='ocrx_word' id='word_1_117' title='bbox 497 1637 507 1686; x_wconf 88' lang='lat'>;</span> <span class='ocrx_word' id='word_1_118' title='bbox 537 1635 640 1672; x_wconf 88' lang='lat' dir='ltr'>nec</span> <span class='ocrx_word' id='word_1_119' title='bbox 668 1616 871 1672; x_wconf 86' lang='lat' dir='ltr'>titulus</span> <span class='ocrx_word' id='word_1_120' title='bbox 895 1616 1061 1673; x_wconf 89' lang='lat' dir='ltr'>istius</span> <span class='ocrx_word' id='word_1_121' title='bbox 1095 1615 1471 1672; x_wconf 89' lang='lat' dir='ltr'>successionis</span> <span class='ocrx_word' id='word_1_122' title='bbox 1497 1615 1725 1688; x_wconf 82' lang='lat' dir='ltr'>agnitus</span> <span class='ocrx_word' id='word_1_123' title='bbox 1745 1615 1944 1672; x_wconf 85' lang='lat' dir='ltr'>fuisset</span> <span class='ocrx_word' id='word_1_124' title='bbox 1967 1641 1976 1684; x_wconf 92' lang='lat'>;</span> <span class='ocrx_word' id='word_1_125' title='bbox 2002 1634 2105 1672; x_wconf 89' lang='lat' dir='ltr'>nec</span> <span class='ocrx_word' id='word_1_126' title='bbox 2124 1635 2254 1672; x_wconf 88' lang='lat' dir='ltr'>auc-</span> 
     </span>
     <span class='ocr_line' id='line_1_16' title="bbox 327 1715 2262 1790; baseline -0.001 -15"><span class='ocrx_word' id='word_1_127' title='bbox 327 1718 614 1775; x_wconf 80' lang='lat' dir='ltr'>toritatem</span> <span class='ocrx_word' id='word_1_128' title='bbox 658 1718 814 1772; x_wconf 90' lang='lat' dir='ltr'>illam</span> <span class='ocrx_word' id='word_1_129' title='bbox 859 1716 1096 1790; x_wconf 87' lang='lat' dir='ltr'>impune</span> <span class='ocrx_word' id='word_1_130' title='bbox 1134 1722 1186 1772; x_wconf 86' lang='lat' dir='ltr'>et</span> <span class='ocrx_word' id='word_1_131' title='bbox 1219 1715 1451 1790; x_wconf 86' lang='lat' dir='ltr'>pacifice</span> <span class='ocrx_word' id='word_1_132' title='bbox 1488 1734 1771 1790; x_wconf 89' lang='lat' dir='ltr'>usurpare</span> <span class='ocrx_word' id='word_1_133' title='bbox 1799 1717 2110 1789; x_wconf 83' lang='lat' dir='ltr'>potuisset3</span> <span class='ocrx_word' id='word_1_134' title='bbox 2153 1736 2262 1779; x_wconf 90' lang='lat' dir='ltr'>nec</span> 
     </span>
     <span class='ocr_line' id='line_1_17' title="bbox 329 1798 2254 1890; baseline -0.001 -17"><span class='ocrx_word' id='word_1_135' title='bbox 329 1817 565 1890; x_wconf 89' lang='lat' dir='ltr'>proinde</span> <span class='ocrx_word' id='word_1_136' title='bbox 581 1835 704 1872; x_wconf 86' lang='lat' dir='ltr'>eam</span> <span class='ocrx_word' id='word_1_137' title='bbox 725 1815 983 1871; x_wconf 90' lang='lat' dir='ltr'>obtinere</span> <span class='ocrx_word' id='word_1_138' title='bbox 1009 1820 1060 1870; x_wconf 91' lang='lat' dir='ltr'>et</span> <span class='ocrx_word' id='word_1_139' title='bbox 1093 1798 1354 1871; x_wconf 79' lang='lat' dir='ltr'>exercere</span> <span class='ocrx_word' id='word_1_140' title='bbox 1375 1814 1682 1871; x_wconf 89' lang='lat' dir='ltr'>obtinendo</span> <span class='ocrx_word' id='word_1_141' title='bbox 1713 1815 1974 1871; x_wconf 89' lang='lat' dir='ltr'>omnium</span> <span class='ocrx_word' id='word_1_142' title='bbox 1999 1816 2254 1873; x_wconf 83' lang='lat' dir='ltr'>fidelium</span> 
     </span>
     <span class='ocr_line' id='line_1_18' title="bbox 331 1913 2255 1990; baseline 0 -19"><span class='ocrx_word' id='word_1_143' title='bbox 331 1923 385 1972; x_wconf 89' lang='lat' dir='ltr'>et</span> <span class='ocrx_word' id='word_1_144' title='bbox 422 1916 826 1990; x_wconf 88' lang='lat' dir='ltr'>Episcoporum</span> <span class='ocrx_word' id='word_1_145' title='bbox 869 1913 1207 1986; x_wconf 85' lang='lat' dir='ltr'>obsequium</span> <span class='ocrx_word' id='word_1_146' title='bbox 1259 1920 1312 1970; x_wconf 91' lang='lat' dir='ltr'>et</span> <span class='ocrx_word' id='word_1_147' title='bbox 1358 1914 1804 1970; x_wconf 83' lang='lat' dir='ltr'>venerationem.</span> <span class='ocrx_word' id='word_1_148' title='bbox 1844 1915 1984 1987; x_wconf 81' lang='lat' dir='ltr'>Ergo</span> <span class='ocrx_word' id='word_1_149' title='bbox 2024 1914 2255 1971; x_wconf 91' lang='lat' dir='ltr'>traditio</span> 
     </span>
     <span class='ocr_line' id='line_1_19' title="bbox 332 2012 2255 2087; baseline -0.001 -17"><span class='ocrx_word' id='word_1_150' title='bbox 332 2016 451 2071; x_wconf 87' lang='lat' dir='ltr'>haec</span> <span class='ocrx_word' id='word_1_151' title='bbox 482 2031 796 2086; x_wconf 68' lang='lat' dir='ltr'>nunquam⁴</span> <span class='ocrx_word' id='word_1_152' title='bbox 823 2012 1072 2086; x_wconf 89' lang='lat' dir='ltr'>incipere</span> <span class='ocrx_word' id='word_1_153' title='bbox 1099 2019 1152 2068; x_wconf 90' lang='lat' dir='ltr'>et</span> <span class='ocrx_word' id='word_1_154' title='bbox 1187 2012 1430 2068; x_wconf 89' lang='lat' dir='ltr'>stabiliri</span> <span class='ocrx_word' id='word_1_155' title='bbox 1467 2012 1854 2087; x_wconf 89' lang='lat' dir='ltr'>potuisset.—</span> <span class='ocrx_word' id='word_1_156' title='bbox 1873 2013 2123 2068; x_wconf 90' lang='lat' dir='ltr'>Tandem</span> <span class='ocrx_word' id='word_1_157' title='bbox 2144 2012 2255 2069; x_wconf 91' lang='lat' dir='ltr'>nisi</span> 
     </span>
     <span class='ocr_line' id='line_1_20' title="bbox 331 2108 2256 2184; baseline -0.002 -16"><span class='ocrx_word' id='word_1_158' title='bbox 331 2113 478 2167; x_wconf 85' lang='lat' dir='ltr'>sacta</span> <span class='ocrx_word' id='word_1_159' title='bbox 506 2113 620 2166; x_wconf 74' lang='lat' dir='ltr'>haec</span> <span class='ocrx_word' id='word_1_160' title='bbox 675 2109 914 2166; x_wconf 87' lang='lat' dir='ltr'>fuissent</span> <span class='ocrx_word' id='word_1_161' title='bbox 956 2108 1274 2179; x_wconf 83' lang='lat' dir='ltr'>verissima,</span> <span class='ocrx_word' id='word_1_162' title='bbox 1317 2109 1576 2165; x_wconf 91' lang='lat' dir='ltr'>Christus</span> <span class='ocrx_word' id='word_1_163' title='bbox 1613 2128 1727 2165; x_wconf 91' lang='lat' dir='ltr'>non</span> <span class='ocrx_word' id='word_1_164' title='bbox 1767 2109 2119 2184; x_wconf 86' lang='lat' dir='ltr'>permisisset</span> <span class='ocrx_word' id='word_1_165' title='bbox 2150 2129 2256 2166; x_wconf 91' lang='lat' dir='ltr'>un·</span> 
     </span>
     <span class='ocr_line' id='line_1_21' title="bbox 335 2207 2257 2283; baseline 0 -18"><span class='ocrx_word' id='word_1_166' title='bbox 335 2228 506 2283; x_wconf 89' lang='lat' dir='ltr'>quam</span> <span class='ocrx_word' id='word_1_167' title='bbox 535 2227 730 2264; x_wconf 93' lang='lat' dir='ltr'>eorum</span> <span class='ocrx_word' id='word_1_168' title='bbox 762 2207 932 2263; x_wconf 79' lang='lat' dir='ltr'>fidem</span> <span class='ocrx_word' id='word_1_169' title='bbox 960 2207 1018 2261; x_wconf 93' lang='lat' dir='ltr'>in</span> <span class='ocrx_word' id='word_1_170' title='bbox 1055 2207 1301 2263; x_wconf 86' lang='lat' dir='ltr'>Ecclesia</span> <span class='ocrx_word' id='word_1_171' title='bbox 1336 2208 1614 2264; x_wconf 86' lang='lat' dir='ltr'>obtinere.</span> <span class='ocrx_word' id='word_1_172' title='bbox 1671 2208 1929 2265; x_wconf 87' lang='lat' dir='ltr'>Christus</span> <span class='ocrx_word' id='word_1_173' title='bbox 1961 2210 2113 2265; x_wconf 90' lang='lat' dir='ltr'>enim</span> <span class='ocrx_word' id='word_1_174' title='bbox 2158 2209 2257 2265; x_wconf 91' lang='lat' dir='ltr'>Ec-</span> 
     </span>
     <span class='ocr_line' id='line_1_22' title="bbox 334 2304 2257 2380; baseline -0.002 -16"><span class='ocrx_word' id='word_1_175' title='bbox 334 2308 564 2364; x_wconf 90' lang='lat' dir='ltr'>clesiam</span> <span class='ocrx_word' id='word_1_176' title='bbox 594 2325 757 2364; x_wconf 91' lang='lat' dir='ltr'>suam</span> <span class='ocrx_word' id='word_1_177' title='bbox 779 2305 1026 2361; x_wconf 89' lang='lat' dir='ltr'>instituit</span> <span class='ocrx_word' id='word_1_178' title='bbox 1054 2323 1235 2378; x_wconf 90' lang='lat' dir='ltr'>usque</span> <span class='ocrx_word' id='word_1_179' title='bbox 1267 2304 1336 2360; x_wconf 93' lang='lat' dir='ltr'>ad</span> <span class='ocrx_word' id='word_1_180' title='bbox 1364 2305 1536 2361; x_wconf 83' lang='lat' dir='ltr'>finem</span> <span class='ocrx_word' id='word_1_181' title='bbox 1560 2306 1897 2361; x_wconf 86' lang='lat' dir='ltr'>saeculorum</span> <span class='ocrx_word' id='word_1_182' title='bbox 1924 2323 2257 2380; x_wconf 90' lang='lat' dir='ltr'>permansu-</span> 
     </span>
     <span class='ocr_line' id='line_1_23' title="bbox 338 2404 2258 2479; baseline 0 -18"><span class='ocrx_word' id='word_1_183' title='bbox 338 2425 486 2475; x_wconf 88' lang='lat' dir='ltr'>ram,</span> <span class='ocrx_word' id='word_1_184' title='bbox 512 2406 783 2478; x_wconf 88' lang='lat' dir='ltr'>nulloque</span> <span class='ocrx_word' id='word_1_185' title='bbox 801 2421 987 2460; x_wconf 90' lang='lat' dir='ltr'>errore</span> <span class='ocrx_word' id='word_1_186' title='bbox 1007 2404 1406 2460; x_wconf 90' lang='lat' dir='ltr'>maculandam</span> <span class='ocrx_word' id='word_1_187' title='bbox 1437 2410 1490 2459; x_wconf 93' lang='lat' dir='ltr'>et</span> <span class='ocrx_word' id='word_1_188' title='bbox 1523 2404 1938 2479; x_wconf 79' lang='lat' dir='ltr'>perimendam,</span> <span class='ocrx_word' id='word_1_189' title='bbox 1956 2404 2258 2479; x_wconf 88' lang='lat' dir='ltr'>ipsamque</span> 
     </span>
     <span class='ocr_line' id='line_1_24' title="bbox 334 2502 2257 2578; baseline -0.001 -17"><span class='ocrx_word' id='word_1_190' title='bbox 334 2505 630 2562; x_wconf 91' lang='lat' dir='ltr'>constituit</span> <span class='ocrx_word' id='word_1_191' title='bbox 667 2505 735 2559; x_wconf 90' lang='lat' dir='ltr'>ab</span> <span class='ocrx_word' id='word_1_192' title='bbox 758 2503 1026 2559; x_wconf 91' lang='lat' dir='ltr'>omnibus</span> <span class='ocrx_word' id='word_1_193' title='bbox 1055 2502 1385 2559; x_wconf 90' lang='lat' dir='ltr'>hominibus</span> <span class='ocrx_word' id='word_1_194' title='bbox 1401 2503 1897 2578; x_wconf 87' lang='lat' dir='ltr'>independentem,</span> <span class='ocrx_word' id='word_1_195' title='bbox 1919 2510 1971 2559; x_wconf 90' lang='lat' dir='ltr'>et</span> <span class='ocrx_word' id='word_1_196' title='bbox 1991 2504 2257 2560; x_wconf 90' lang='lat' dir='ltr'>omnibus</span> 
     </span>
     <span class='ocr_line' id='line_1_25' title="bbox 335 2602 2258 2676; baseline -0.001 -17"><span class='ocrx_word' id='word_1_197' title='bbox 335 2602 848 2660; x_wconf 85' lang='lat' dir='ltr'>adulterationibus</span> <span class='ocrx_word' id='word_1_198' title='bbox 880 2609 931 2658; x_wconf 90' lang='lat' dir='ltr'>et</span> <span class='ocrx_word' id='word_1_199' title='bbox 964 2602 1384 2658; x_wconf 83' lang='lat' dir='ltr'>mutationibus</span> <span class='ocrx_word' id='word_1_200' title='bbox 1415 2621 1638 2676; x_wconf 91' lang='lat' dir='ltr'>semper</span> <span class='ocrx_word' id='word_1_201' title='bbox 1664 2602 1993 2668; x_wconf 84' lang='lat' dir='ltr'>restituram</span> <span class='ocrx_word' id='word_1_202' title='bbox 2019 2602 2258 2658; x_wconf 86' lang='lat' dir='ltr'>efficaci-</span> 
     </span>
     <span class='ocr_line' id='line_1_26' title="bbox 333 2699 2258 2777; baseline -0.001 -19"><span class='ocrx_word' id='word_1_203' title='bbox 333 2710 419 2758; x_wconf 89' lang='lat' dir='ltr'>ter</span> <span class='ocrx_word' id='word_1_204' title='bbox 446 2709 496 2758; x_wconf 91' lang='lat' dir='ltr'>et</span> <span class='ocrx_word' id='word_1_205' title='bbox 548 2700 921 2777; x_wconf 87' lang='lat' dir='ltr'>superiorem.</span> <span class='ocrx_word' id='word_1_206' title='bbox 973 2699 1126 2756; x_wconf 93' lang='lat' dir='ltr'>Unde</span> <span class='ocrx_word' id='word_1_207' title='bbox 1180 2719 1416 2775; x_wconf 91' lang='lat' dir='ltr'>prorsus</span> <span class='ocrx_word' id='word_1_208' title='bbox 1471 2700 1850 2756; x_wconf 90' lang='lat' dir='ltr'>immutabilis</span> <span class='ocrx_word' id='word_1_209' title='bbox 1882 2705 1964 2757; x_wconf 91' lang='lat' dir='ltr'>est</span> <span class='ocrx_word' id='word_1_210' title='bbox 2001 2699 2258 2756; x_wconf 86' lang='lat' dir='ltr'>Ecclesiae</span> 
     </span>
     <span class='ocr_line' id='line_1_27' title="bbox 335 2797 2259 2874; baseline 0.001 -23"><span class='ocrx_word' id='word_1_211' title='bbox 335 2798 665 2853; x_wconf 88' lang='lat' dir='ltr'>constitutio</span> <span class='ocrx_word' id='word_1_212' title='bbox 698 2797 865 2853; x_wconf 86' lang='lat' dir='ltr'>sicuti</span> <span class='ocrx_word' id='word_1_213' title='bbox 894 2798 1099 2853; x_wconf 86' lang='lat' dir='ltr'>veritas</span> <span class='ocrx_word' id='word_1_214' title='bbox 1131 2816 1303 2870; x_wconf 92' lang='lat' dir='ltr'>quam</span> <span class='ocrx_word' id='word_1_215' title='bbox 1337 2798 1592 2858; x_wconf 89' lang='lat' dir='ltr'>Christus</span> <span class='ocrx_word' id='word_1_216' title='bbox 1623 2817 1724 2874; x_wconf 89' lang='lat' dir='ltr'>per</span> <span class='ocrx_word' id='word_1_217' title='bbox 1745 2798 1927 2874; x_wconf 92' lang='lat' dir='ltr'>ipsam</span> <span class='ocrx_word' id='word_1_218' title='bbox 1956 2798 2136 2854; x_wconf 88' lang='lat' dir='ltr'>docet.</span> <span class='ocrx_word' id='word_1_219' title='bbox 2169 2798 2259 2852; x_wconf 91' lang='lat' dir='ltr'>At-</span> 
     </span>
     <span class='ocr_line' id='line_1_28' title="bbox 337 2894 2259 2970; baseline 0.002 -21"><span class='ocrx_word' id='word_1_220' title='bbox 337 2895 436 2969; x_wconf 92' lang='lat' dir='ltr'>qui</span> <span class='ocrx_word' id='word_1_221' title='bbox 465 2895 570 2949; x_wconf 92' lang='lat' dir='ltr'>hoc</span> <span class='ocrx_word' id='word_1_222' title='bbox 604 2894 785 2968; x_wconf 88' lang='lat' dir='ltr'>posito</span> <span class='ocrx_word' id='word_1_223' title='bbox 831 2895 1084 2951; x_wconf 88' lang='lat' dir='ltr'>Christus</span> <span class='ocrx_word' id='word_1_224' title='bbox 1115 2913 1228 2950; x_wconf 91' lang='lat' dir='ltr'>non</span> <span class='ocrx_word' id='word_1_225' title='bbox 1255 2896 1438 2968; x_wconf 91' lang='lat' dir='ltr'>potuit</span> <span class='ocrx_word' id='word_1_226' title='bbox 1476 2897 1808 2970; x_wconf 87' lang='lat' dir='ltr'>permittere</span> <span class='ocrx_word' id='word_1_227' title='bbox 1850 2904 1912 2954; x_wconf 85' lang='lat' dir='ltr'>ut</span> <span class='ocrx_word' id='word_1_228' title='bbox 1949 2916 2106 2954; x_wconf 89' lang='lat' dir='ltr'>error</span> <span class='ocrx_word' id='word_1_229' title='bbox 2154 2897 2259 2953; x_wconf 93' lang='lat' dir='ltr'>iste</span> 
     </span>
     <span class='ocr_line' id='line_1_29' title="bbox 335 2991 2259 3055; baseline 0 -7"><span class='ocrx_word' id='word_1_230' title='bbox 335 2992 724 3048; x_wconf 83' lang='lat' dir='ltr'>invalesceret.</span> <span class='ocrx_word' id='word_1_231' title='bbox 755 2991 975 3046; x_wconf 89' lang='lat' dir='ltr'>Etenim</span> <span class='ocrx_word' id='word_1_232' title='bbox 1020 2992 1068 3047; x_wconf 92' lang='lat' dir='ltr'>si</span> <span class='ocrx_word' id='word_1_233' title='bbox 1115 2998 1345 3047; x_wconf 81' lang='lat' dir='ltr'>sanctus</span> <span class='ocrx_word' id='word_1_234' title='bbox 1371 2993 1568 3049; x_wconf 91' lang='lat' dir='ltr'>Petrus</span> <span class='ocrx_word' id='word_1_235' title='bbox 1606 2994 1841 3055; x_wconf 81' lang='lat' dir='ltr'>Romam</span> <span class='ocrx_word' id='word_1_236' title='bbox 1869 3012 1982 3049; x_wconf 92' lang='lat' dir='ltr'>non</span> <span class='ocrx_word' id='word_1_237' title='bbox 2008 3000 2259 3049; x_wconf 85' lang='lat' dir='ltr'>transtu-</span> 
     </span>
     <span class='ocr_line' id='line_1_30' title="bbox 336 3089 2259 3164; baseline 0.001 -18"><span class='ocrx_word' id='word_1_238' title='bbox 336 3091 492 3147; x_wconf 89' lang='lat' dir='ltr'>lisset</span> <span class='ocrx_word' id='word_1_239' title='bbox 527 3090 724 3146; x_wconf 89' lang='lat' dir='ltr'>Sedem</span> <span class='ocrx_word' id='word_1_240' title='bbox 771 3089 1155 3146; x_wconf 85' lang='lat' dir='ltr'>Pontificalem</span> <span class='ocrx_word' id='word_1_241' title='bbox 1199 3108 1437 3164; x_wconf 88' lang='lat' dir='ltr'>eamque</span> <span class='ocrx_word' id='word_1_242' title='bbox 1486 3092 1738 3148; x_wconf 91' lang='lat' dir='ltr'>moriens</span> <span class='ocrx_word' id='word_1_243' title='bbox 1774 3093 2090 3148; x_wconf 88' lang='lat' dir='ltr'>successori</span> <span class='ocrx_word' id='word_1_244' title='bbox 2143 3111 2259 3148; x_wconf 92' lang='lat' dir='ltr'>non</span> 
     </span>
     <span class='ocr_line' id='line_1_31' title="bbox 336 3186 2260 3263; baseline 0.001 -20"><span class='ocrx_word' id='word_1_245' title='bbox 336 3186 683 3257; x_wconf 81' lang='lat' dir='ltr'>tradidisset,</span> <span class='ocrx_word' id='word_1_246' title='bbox 730 3187 1012 3243; x_wconf 89' lang='lat' dir='ltr'>successio</span> <span class='ocrx_word' id='word_1_247' title='bbox 1056 3187 1461 3263; x_wconf 91' lang='lat' dir='ltr'>Episcoporum</span> <span class='ocrx_word' id='word_1_248' title='bbox 1512 3189 1893 3245; x_wconf 87' lang='lat' dir='ltr'>Romanorum</span> <span class='ocrx_word' id='word_1_249' title='bbox 1944 3190 2002 3244; x_wconf 83' lang='lat' dir='ltr'>in</span> <span class='ocrx_word' id='word_1_250' title='bbox 2033 3189 2260 3262; x_wconf 86' lang='lat' dir='ltr'>Pontifi-</span> 
     </span>
     <span class='ocr_line' id='line_1_32' title="bbox 338 3285 2256 3345; baseline 0.001 -3"><span class='ocrx_word' id='word_1_251' title='bbox 338 3286 516 3342; x_wconf 89' lang='lat' dir='ltr'>calem</span> <span class='ocrx_word' id='word_1_252' title='bbox 545 3285 691 3342; x_wconf 91' lang='lat' dir='ltr'>Petri</span> <span class='ocrx_word' id='word_1_253' title='bbox 718 3285 1111 3345; x_wconf 83' lang='lat' dir='ltr'>auctoritatem</span> <span class='ocrx_word' id='word_1_254' title='bbox 1159 3286 1487 3343; x_wconf 92' lang='lat' dir='ltr'>nullatenus</span> <span class='ocrx_word' id='word_1_255' title='bbox 1515 3287 1584 3343; x_wconf 90' lang='lat' dir='ltr'>ad</span> <span class='ocrx_word' id='word_1_256' title='bbox 1615 3287 1872 3344; x_wconf 84' lang='lat' dir='ltr'>Ecclesiae</span> <span class='ocrx_word' id='word_1_257' title='bbox 1902 3288 2256 3345; x_wconf 85' lang='lat' dir='ltr'>constitutio-</span> 
     </span>
     <span class='ocr_line' id='line_1_33' title="bbox 340 3383 2259 3460; baseline 0.001 -20"><span class='ocrx_word' id='word_1_258' title='bbox 340 3403 467 3441; x_wconf 92' lang='lat' dir='ltr'>nem</span> <span class='ocrx_word' id='word_1_259' title='bbox 509 3383 895 3460; x_wconf 89' lang='lat' dir='ltr'>pertinuisset,</span> <span class='ocrx_word' id='word_1_260' title='bbox 931 3384 1026 3440; x_wconf 93' lang='lat' dir='ltr'>sed</span> <span class='ocrx_word' id='word_1_261' title='bbox 1066 3385 1312 3441; x_wconf 89' lang='lat' dir='ltr'>Ecclesia</span> <span class='ocrx_word' id='word_1_262' title='bbox 1368 3385 1570 3443; x_wconf 90' lang='lat' dir='ltr'>fuisset</span> <span class='ocrx_word' id='word_1_263' title='bbox 1600 3387 1765 3443; x_wconf 86' lang='lat' dir='ltr'>aliter</span> <span class='ocrx_word' id='word_1_264' title='bbox 1794 3405 1824 3442; x_wconf 91' lang='lat' dir='ltr'>a</span> <span class='ocrx_word' id='word_1_265' title='bbox 1856 3387 2070 3442; x_wconf 89' lang='lat' dir='ltr'>Christo</span> <span class='ocrx_word' id='word_1_266' title='bbox 2102 3387 2259 3442; x_wconf 89' lang='lat' dir='ltr'>insti-</span> 
     </span>
     <span class='ocr_line' id='line_1_34' title="bbox 340 3482 2252 3559; baseline 0.002 -22"><span class='ocrx_word' id='word_1_267' title='bbox 340 3487 482 3538; x_wconf 89' lang='lat' dir='ltr'>tuta.</span> <span class='ocrx_word' id='word_1_268' title='bbox 512 3484 654 3557; x_wconf 84' lang='lat' dir='ltr'>Ergo</span> <span class='ocrx_word' id='word_1_269' title='bbox 703 3482 1033 3538; x_wconf 87' lang='lat' dir='ltr'>constitutio</span> <span class='ocrx_word' id='word_1_270' title='bbox 1073 3485 1191 3540; x_wconf 88' lang='lat' dir='ltr'>haec</span> <span class='ocrx_word' id='word_1_271' title='bbox 1223 3501 1445 3559; x_wconf 91' lang='lat' dir='ltr'>semper</span> <span class='ocrx_word' id='word_1_272' title='bbox 1488 3484 1800 3541; x_wconf 90' lang='lat' dir='ltr'>immobilis</span> <span class='ocrx_word' id='word_1_273' title='bbox 1825 3484 2252 3557; x_wconf 91' lang='lat' dir='ltr'>permansisset,</span> 
     </span>
     <span class='ocr_line' id='line_1_35' title="bbox 343 3581 2257 3661; baseline 0.004 -28"><span class='ocrx_word' id='word_1_274' title='bbox 343 3597 415 3634; x_wconf 93' lang='lat' dir='ltr'>ne</span> <span class='ocrx_word' id='word_1_275' title='bbox 444 3581 701 3640; x_wconf 89' lang='lat' dir='ltr'>deficeret</span> <span class='ocrx_word' id='word_1_276' title='bbox 725 3586 846 3661; x_wconf 91' lang='lat' dir='ltr'>ipsa</span> <span class='ocrx_word' id='word_1_277' title='bbox 871 3586 1138 3643; x_wconf 90' lang='lat' dir='ltr'>Ecclesia.</span> <span class='ocrx_word' id='word_1_278' title='bbox 1171 3585 1311 3660; x_wconf 83' lang='lat' dir='ltr'>Ergo</span> <span class='ocrx_word' id='word_1_279' title='bbox 1337 3593 1391 3643; x_wconf 91' lang='lat' dir='ltr'>et</span> <span class='ocrx_word' id='word_1_280' title='bbox 1415 3587 1670 3644; x_wconf 89' lang='lat' dir='ltr'>Christus</span> <span class='ocrx_word' id='word_1_281' title='bbox 1699 3585 1902 3641; x_wconf 87' lang='lat' dir='ltr'>invicte</span> <span class='ocrx_word' id='word_1_282' title='bbox 1927 3583 2257 3641; x_wconf 86' lang='lat' dir='ltr'>removisset</span> 
     </span>
     <span class='ocr_line' id='line_1_36' title="bbox 344 3681 2259 3755; baseline 0.004 -24"><span class='ocrx_word' id='word_1_283' title='bbox 344 3693 407 3732; x_wconf 93' lang='lat' dir='ltr'>ea</span> <span class='ocrx_word' id='word_1_284' title='bbox 438 3681 624 3736; x_wconf 90' lang='lat' dir='ltr'>omnia</span> <span class='ocrx_word' id='word_1_285' title='bbox 655 3701 779 3755; x_wconf 88' lang='lat' dir='ltr'>quae</span> <span class='ocrx_word' id='word_1_286' title='bbox 812 3686 957 3741; x_wconf 88' lang='lat' dir='ltr'>hanc</span> <span class='ocrx_word' id='word_1_287' title='bbox 997 3684 1462 3741; x_wconf 85' lang='lat' dir='ltr'>constitutionem</span> <span class='ocrx_word' id='word_1_288' title='bbox 1518 3685 1931 3740; x_wconf 88' lang='lat' dir='ltr'>adulterassent</span> <span class='ocrx_word' id='word_1_289' title='bbox 1969 3689 2022 3739; x_wconf 91' lang='lat' dir='ltr'>et</span> <span class='ocrx_word' id='word_1_290' title='bbox 2053 3683 2259 3739; x_wconf 89' lang='lat' dir='ltr'>immu—</span> 
     </span>
    </p>
   </div>
  </div>
 </body>
</html>
