2320 4010
834 208 957 255 PARS
987 202 1227 253 SECUNDA.
1371 227 1375 230 ·
1885 203 1971 250 479

98 312 227 369 tiret
269 313 534 386 majorem
578 318 791 386 partem
835 310 903 366 ad
951 309 1270 385 oppositum
1321 307 1598 381 Evangelii
1635 296 1973 364 malitia'vel

101 409 410 482 ignorantia
436 408 735 465 declinare.
769 406 1101 483 Exemplum
1140 405 1496 463 beatissimus
1529 404 1680 461 dedit
1706 403 1968 459 Hilarius,

100 505 250 561 Unde
277 506 526 579 quamvis
553 506 620 561 ab
650 506 806 562 initio
834 503 1129 560 militantis
1166 503 1492 559 Ecclesiae...
1521 502 1648 577 plus
1683 507 1831 558 esset
1853 518 1971 557 cre-

105 602 347 658 dendum
366 601 679 658 auctoritati
701 601 827 657 talis
840 600 1096 657 Ecclesiae
1122 618 1290 673 quam
1314 599 1606 671 Evangelio
1632 598 1972 670 cuicumque

103 699 430 772 priusquam
456 704 598 754 esset
624 699 692 754 ab
716 716 777 754 ea
793 703 1081 772 receptum
1098 697 1183 753 vel
1197 697 1588 767 autorizatum,
1603 696 1972 752 nihilominus

99 802 222 869 post
247 795 693 869 approbationem
715 793 1247 850 etautorizationem
1275 798 1517 864 quatuor
1541 792 1970 864 Evangeliorum

99 910 194 965 per
221 892 423 947 dictam
448 890 771 967 Ecclesiam,
790 890 915 963 plus
939 894 1087 944 esset
1103 888 1442 947 credendum
1462 888 1772 960 Evangelio,
1802 906 1971 960 quam

99 987 248 1043 alteri
275 989 570 1058 cuicumque
592 987 829 1040 humanae
855 986 1152 1040 auctoritati
1178 1006 1194 1036 .·
1220 1001 1331 1038 non
1359 983 1565 1038 dicitur
1605 1001 1774 1054 quam
1811 986 1972 1039 totius

96 1082 357 1149 Ecclesiae‚
378 1081 644 1152 quoniam
673 1080 765 1135 illa
786 1085 868 1135 est
896 1080 1196 1135 auctoritas
1221 1078 1313 1134 Dci
1344 1084 1395 1134 et
1427 1079 1724 1151 Evangelii,
1752 1097 1853 1136 nec
1886 1097 1976 1154 po-

99 1183 201 1232 test
241 1194 427 1232 errare
457 1177 513 1231 in
552 1176 679 1246 fide,
717 1177 834 1248 lege
875 1181 1055 1231 stante
1089 1198 1115 1228 »
1149 1179 1412 1249 (tractatu
1463 1178 1526 1231 (Ie
1571 1177 1975 1233 Examinatz'oue

104 1274 475 1342 doctrinarum,
504 1272 951 1328 consideratione
970 1275 1025 1341 5,
1046 1272 1283 1345 Operum
1305 1273 1372 1327 ab
1392 1273 1558 1327 Ellies
1581 1273 1761 1347 Dupin
1788 1273 1972 1347 dispo-

105 1368 332 1423 sitorum
367 1374 515 1423 tomo
546 1368 588 1436 l,
618 1368 817 1441 pagina
844 1369 901 1437 2,
931 1369 1067 1424 edit.
1098 1369 1429 1443 Antuerpiae,
1475 1368 1667 1440 1706).

174 1465 230 1517 3⁰
254 1464 412 1518 Docet
433 1465 708 1522 Gersouius
727 1465 923 1537 Papam
943 1483 1043 1519 uou
1070 1484 1180 1519 esse
1199 1474 1354 1537 caput
1373 1469 1680 1522 uuiaet-salis
1697 1468 1971 1523 Ecclesiae.-

103 1560 251 1614 docet
276 1562 429 1614 etiam
459 1564 794 1616 contrarium.
824 1596 889 1603 —
917 1584 943 1614 «
964 1562 1246 1622 ,Catholica
1276 1563 1607 1619 universalis
1634 1564 1877 1620 Ecclesia
1910 1583 1975 1621 cx

104 1655 270 1710 variis
297 1657 561 1711 memhris
587 1676 765 1712 unum
796 1676 997 1731 corpus
1019 1658 1510 1728 constituentibus,
1534 1659 1646 1714 sive
1665 1678 1728 1716 ex
1749 1661 1971 1729 GraeciS,

100 1749 305 1806 Latinis
327 1759 377 1807 et.
407 1753 660 1807 Barbaris
697 1753 751 1806 in
796 1752 1080 1807 Christum
1111 1753 1536 1811 c1¹edentihus.:.
1569 1761 1647 1810 est
1678 1757 1975 1829 conjuncta

99 1853 152 1901 et
178 1849 475 1903 nominata.
502 1850 665 1921 Cujus
691 1849 938 1922 corporis
960 1849 1289 1904 universalis
1316 1851 1569 1906 Ecclesiae
1598 1859 1769 1926 caput
1796 1854 1979 1908 Chris-

102 1948 190 2018 tus
218 1944 368 1997 solus
397 1951 550 2000 est...
576 1944 683 2001 Nec
722 1948 870 1999 istius
908 1945 1157 2000 Ecclesiae
1184 1947 1328 2019 Papa
1354 1955 1529 2018 potest
1555 1949 1656 2003 dici
1699 1968 1790 2004 uec
1828 1951 1975 2004 (lebet

101 2047 271 2110 caput,
292 2040 385 2095 sed
417 2040 595 2095 solum
638 2040 879 2096 vicarius
921 2039 1125 2096 Christi
1156 2042 1242 2114 (cle
1274 2042 1442 2097 Moclis
1463 2047 1699 2114 uniendi,
1731 2045 1971 2119 Operum

101 2137 168 2192 ab
198 2137 356 2194 Ellies
386 2138 562 2211 Dupin
589 2138 867 2194 editorum
902 2146 1053 2195 tomo
1095 2141 1158 2208 II,
1214 2142 1412 2213 pagina
1465 2144 1594 2212 165,
1631 2144 1971 2219 Antuerpiae,

104 2233 288 2302 1706).
312 2235 657 2289 Contrarium
679 2236 814 2290 alibi
840 2237 1007 2291 tradit
1031 2238 1116 2291 his
1146 2240 1325 2293 verbis
1356 2261 1365 2290 :

183 2350 210 2380 «
240 2330 618 2386 Ecclesiastica
648 2333 832 2387 unitas
870 2335 937 2388 ad
970 2353 1147 2389 unum
1186 2342 1348 2409 caput
1387 2338 1663 2394 Christum
1700 2340 1758 2395 fit
1802 2348 1853 2396 et
1889 2361 1977 2415 ag-

110 2446 136 2476 «
171 2424 546 2497 glutinatur...
590 2428 967 2484 Ecclesiastica
1003 2431 1190 2486 unitas
1222 2432 1289 2486 ad
1316 2451 1493 2488 unum
1514 2442 1678 2508 caput
1707 2439 1974 2492 secunda-

109 2522 336 2588 «rium,
381 2522 525 2594 quod
573 2523 778 2578 (licitur
825 2525 1089 2580 Summus
1130 2528 1376 2583 Pontifex
1426 2530 1626 2584 Christi
1676 2532 1974 2588 vicarius»

107 2619 316 2690 (Sermo
359 2621 414 2674 in
454 2622 685 2678 concilio
726 2624 1149 2693 Constantiensi,
1187 2626 1427 2699 Operum
1478 2629 1545 2683 ah
1593 2630 1754 2687 Ellies
1795 2633 1973 2706 Dupin

103 2715 378 2771 editorum
412 2723 559 2774 tomo
601 2719 664 2789 ll,
701 2738 824 2794 pag.
873 2721 1001 2789 205,
1044 2724 1380 2797 Antuerpiae,
1421 2726 1601 2791 1706).
1648 2729 1810 2785 Plena
1843 2738 1974 2786 sunt

101 2811 345 2868 Gersonii
391 2834 553 2889 opera
605 2817 1120 2889 declamationibus,
1174 2822 1378 2894 quihus
1438 2826 1680 2898 postulat
1723 2829 1975 2885 Ecclesiae

106 2908 548 2966 reformationem
585 2916 636 2967 in
661 2918 831 2987 capite
860 2921 912 2970 ct
951 2915 1005 2969 in
1037 2919 1326 2987 membris3
1364 2939 1485 2993 quae
1510 2924 1674 2978 verba
1703 2927 1758 2979 in
1785 2929 1971 2996 capite,

109 3019 324 3077 semper
345 3007 598 3081 intelligit
620 3013 686 3077 de
708 3014 874 3087 Papa,
907 3033 1015 3070 non
1035 3033 1163 3071 sanc
1189 3017 1254 3072 de
1283 3018 1495 3075 Christo
1523 3028 1616 3076 aut
1651 3022 1716 3075 de
1743 3022 1975 3076 concilio

112 3114 471 3157 oecumemco.

185 3197 240 3250 4⁰
273 3197 536 3268 Delyravit
567 3201 847 3260 Ger-eonius
884 3226 1035 3277 posse
1074 3212 1369 3279 contingere
1412 3220 1465 3265 ut
1508 3213 1739 3267 Ecclesia
1781 3212 1975 3269 Christi

111 3292 391 3347 reducatur
436 3296 505 3348 ad
547 3299 747 3352 unicam
773 3318 1056 3370 personam
1082 3304 1470 3372 fidelern:item
1523 3308 1779 3378 delyravit
1821 3327 1976 3382 posse

112 3388 227 3442 dari.
262 3407 429 3445 casum
459 3410 555 3463 quo
579 3396 817 3462 {seuerale
845 3398 1111 3451 concilium
1147 3400 1371 3470 Ieyitime
1403 3403 1571 3458 valeat
1596 3409 1864 3461 convocari
1879 3425 1975 3480 per

112 3487 371 3541 minimam
394 3490 631 3545 vetulam.
662 3525 732 3533 —
766 3514 792 3544 «
818 3494 921 3548 Nec
948 3494 1068 3549 dico
1095 3494 1390 3552 Ecclesiam
1415 3500 1783 3558 universalem
1816 3522 1975 3578 posse

117 3585 347 3652 reuniri,
382 3605 505 3641 cum
537 3589 648 3662 ipsa
682 3590 977 3647 schismate
1003 3612 1110 3647 non
1150 3595 1322 3667 possit
1351 3596 1540 3667 dividi,
1579 3600 1710 3672 quia
1738 3604 1891 3659 eti-am
1919 3606 1971 3659 iu
