2372 4108
312 237 373 291 53
988 233 1282 280 TRACTATns
1307 233 1379 279 ,DE
1408 233 1557 282 PAPA.

317 350 541 413 scriniis
565 354 618 405 et
652 341 900 415 antiquis
925 338 1304 409 documentis,
1336 357 1399 396 ac
1423 357 1556 396 eum
1579 338 1640 395 in
1671 340 1841 399 finem
1868 349 1930 400 ut
1951 361 2054 419 pro
2080 349 2234 402 certa

316 450 374 505 in
410 453 699 524 posterum
727 439 919 513 regula
953 438 1278 496 haberetur.

387 547 447 605 ,2⁰
493 542 761 599 Tredecim
795 538 889 595 alii
929 541 1287 613 manuscripti
1317 541 1570 612 cataloqi.
1604 572 1680 582 —
1720 539 1826 596 Eos
1859 540 2031 598 edidit
2060 543 2234 599 Fran·
2286 543 2289 546 ”

267 644 270 646 ’
310 645 495 699 0150115
526 637 874 695 Blanchinus
923 637 1006 713 (in
1035 637 1453 710 Prolegomenis
1486 639 1557 694 ad
1584 638 1970 708 Anastasium,
1992 645 2146 696 tomo
2165 642 2232 711 11,

310 758 436 815 pag.
476 739 570 808 85,
598 737 733 795 edit.
762 737 967 808 Romae,
991 737 1186 810 1725).
1220 737 1534 813 Conscripti
1561 744 1749 794 autem
1778 746 1911 795 sunt
1936 740 2041 796 sub
2064 740 2234 797 variis

306 838 694 895 Pontificibus
739 838 907 892 Porro
934 836 1119 909 quoad
1152 855 1329 894 annos
1368 837 1606 893 Romani
1647 838 2004 913 episcopatus
2053 839 2232 896 sancti

306 939 473 1010 Petri,
489 936 832 995 concordant
845 955 976 993 cum
1000 936 1317 993 LiberianO.
1342 938 1471 1001 Quae
1496 938 1818 1008 concordia,
1836 957 1949 993 non
1975 938 2235 994 obstante

306 1038 581 1095 varietate
611 1043 932 1112 temporum
973 1042 1026 1092 et
1072 1037 1330 1092 codicum
1383 1056 1413 1092 e
1457 1037 1669 1109 quibus
1720 1037 1952 1093 extracti
2000 1043 2134 1093 sunt
2179 1043 2233 1092 et

307 1137 662 1212 transcripti,
701 1135 998 1192 confirmat
1025 1135 1303 1191 Liberiani
1333 1137 1571 1209 catalogi
1602 1136 2020 1205 auctoritatem,
2050 1142 2102 1192 et
2127 1136 2232 1190 im—

307 1236 461 1310 pedit
488 1254 557 1291 ne
583 1235 882 1291 scribentis
905 1234 1085 1290 errori
1118 1235 1296 1290 tribui
1339 1234 1517 1309 possit
1551 1253 1828 1291 numerus
1853 1235 1922 1291 25
1950 1252 2233 1290 annorum

305 1333 363 1390 in
397 1334 594 1390 eodem
620 1333 913 1389 Liberiano
939 1339 1226 1389 exaratus,

381 1433 437 1485 5⁰
466 1431 750 1502 Inscriptio
770 1432 969 1503 parieti
994 1430 1203 1502 depicta
1222 1432 1274 1484 in
1299 1429 1532 1485 Basilica
1562 1434 1735 1486 sancti
1766 1433 1916 1487 Pauli
1942 1435 2037 1488 sub
2063 1433 2238 1488 Leone

304 1529 516 1602 Mayno,
546 1562 617 1570 —
661 1528 817 1591 Quod
870 1528 976 1583 suh
1012 1528 1191 1583 Leone
1248 1529 1442 1601 Magno
1488 1535 1713 1584 exarata
1760 1529 1931 1586 fuerit
1976 1535 2235 1585 veterum

301 1629 686 1684 Romanorum
729 1625 1061 1682 Pontificum
1105 1625 1466 1698 chronologia
1512 1626 1615 1682 suh
1674 1627 1932 1701 ipsorum
1974 1628 2236 1702 imagini-

302 1727 409 1783 bus
440 1726 643 1801 parieti
674 1724 916 1798 depictis
945 1724 1025 1795 (in
1066 1722 1303 1778 Basilica
1336 1724 1527 1778 Sancti
1554 1724 1732 1796 Pauli,
1779 1731 1932 1780 extra
1970 1726 2230 1796 Romam,

304 1825 393 1879 via
418 1823 679 1893 Ostiensi)
709 1823 1012 1896 probatum
1033 1821 1159 1876 vide
1184 1820 1334 1895 apud
1359 1822 1658 1876 laudatum
1682 1821 2058 1878 Blanchinum
2087 1825 2231 1896 (loco

305 1924 497 1991 citatO,
530 1941 654 1997 pag.
681 1922 798 1991 76).
832 1922 1002 1976 Porro
1027 1920 1104 1975 ihi
1135 1921 1240 1976 suh
1263 1920 1510 1992 imagine
1538 1922 1717 1977 sancti
1743 1922 1890 1977 Petri
1919 1924 2100 1997 posita
2125 1924 2232 1978 fuit

304 2021 599 2097 inscriptio
648 2022 800 2076 haec:
836 2019 1023 2075 Petrus
1060 2020 1153 2074 secl
1193 2019 1276 2090 (it)
1322 2019 1558 2092 (11111105)
1592 2020 1897 2077 XXV—m
1939 2022 2142 2094 (enses)
2181 2021 2239 2077 II

305 2152 376 2160 —
416 2120 449 2174 d
482 2119 606 2192 (ies)
643 2118 755 2174 VII.
800 2118 941 2174 Sane
981 2116 1166 2190 quoad
1207 2117 1485 2190 ejusmodi
1542 2117 1947 2174 documentum
1999 2119 2238 2193 allegari,

302 2218 500 2292 nequit
548 2217 992 2273 Amanuensium
1048 2235 1202 2273 error
1265 2223 1318 2272 et
1362 2217 1660 2273 oscitantia
1681 2262 1695 2288 ,
1753 2225 1918 2292 prout
1974 2238 2120 2293 saepo
2170 2221 2227 2276 fit

306 2317 491 2390 quoad
526 2317 934 2390 manuscripta.
987 2316 1048 2372 Et
1090 2320 1319 2371 notetur
1356 2316 1620 2372 floruisse
1667 2317 1774 2373 suh
1816 2318 1993 2374 Leone
2034 2319 2228 2391 Magno

306 2417 516 2488 peritos
543 2416 599 2471 in
624 2434 684 2471 re
714 2415 984 2471 historica
1013 2420 1063 2470 et
1090 2415 1484 2488 chronologica
1515 2415 1688 2471 viros.

380 2514 654 2586 Equidem
680 2533 791 2569 non
819 2513 1123 2570 concordat
1160 2514 1457 2588 inscriptio
1502 2516 1617 2569 haec
1652 2532 1783 2569 cum
1811 2514 2106 2570 Liberiano
2140 2534 2231 2571 ca·

304 2613 486 2685 talogo
511 2613 696 2685 quoad
713 2631 917 2668 menses
942 2618 995 2668 et
1032 2614 1166 2668 dies,
1191 2612 1395 2668 Verum
1421 2613 1476 2666 id
1498 2613 1654 2668 solus
1680 2613 1774 2669 ille
1799 2613 2107 2669 mirabitur
2130 2615 2226 2690 qui

305 2731 538 2786 prorsus
563 2715 765 2787 hospes
791 2713 1129 2769 remanserit
1154 2712 1212 2766 111
1238 2712 1671 2768 intricatissima
1699 2713 2226 2785 chronologicorum

307 2818 705 2884 computorum
731 2813 1050 2886 disciplina.
1083 2812 1239 2868 Haud
1265 2812 1447 2867 facilis
1477 2831 1612 2868 sane
1647 2812 1834 2885 quoad
1858 2812 2074 2887 priscos
2102 2812 2228 2868 illos

309 2914 540 2963 eventus
596 2909 816 2963 dierum
863 2916 916 2964 et
959 2910 1247 2964 mensium
1299 2916 1451 2965 certa
1499 2911 1848 2982 designatiO,
1912 2911 2227 2984 praesertim

255 3049 260 3054 .
307 3006 531 3079 quando
549 3025 613 3062 ex
641 3006 1028 3062 consulatibus
1060 3007 1506 3080 computandum
1524 3009 1920 3064 est.Caeterum
1940 3003 2070 3063 cum
2099 3010 2228 3064 Leo-

307 3106 476 3161 niana
518 3105 772 3179 pictura,
803 3105 974 3160 etiam
1012 3105 1160 3161 circa
1203 3123 1427 3160 menses
1469 3110 1520 3159 ct
1561 3105 1699 3178 dies,
1743 3106 2088 3162 concordant
2133 3126 2228 3163 sex

291 3204 453 3270 ,inter
476 3205 789 3279 praecipuos
817 3205 1076 3278 catalogi.
1097 3205 1158 3260 Et
1181 3204 1416 3279 insuper
1435 3204 1738 3260 concordat
1763 3205 1949 3277 quoad
1974 3224 2224 3275 menseS,

305 3323 408 3359 nec
450 3303 732 3379 discrepat
763 3303 871 3360 nisi
907 3304 1106 3360 diebus
1145 3310 1412 3376 quatuor,
1437 3303 1677 3376 insignis
1702 3305 1992 3377 catalogus
2020 3306 2224 3361 saeculo

309 3408 460 3460 sexto
500 3409 792 3459 contextus
831 3403 936 3459 sub
967 3402 1144 3459 Felice
1177 3403 1239 3473 lV
1280 3402 1436 3476 (Vide
1457 3402 1859 3473 Blanchinum,
1904 3403 2026 3457 loco
2076 3403 2220 3473 cit.).

383 3502 436 3555 4⁰
463 3503 696 3572 Eusebii,
723 3504 1034 3576 Hieronymi
1067 3510 1115 3558 ct
1144 3504 1429 3559 multorum
1461 3505 1694 3559 aliorum
1727 3503 1946 3558 Patrum
1989 3503 2226 3599 testiino-

306 3597 467 3651 nium.
493 3621 519 3650 «
549 3600 765 3672 Petrus,
792 3602 1020 3660 natione
1051 3602 1333 3676 GalilaeuS,
1362 3602 1807 3658 christianorum
1829 3598 2082 3655 Pontifex
2105 3601 2225 3674 pri-

309 3710 457 3764 mus,
503 3714 631 3752 cum
671 3699 922 3772 primum
958 3694 1374 3756 ‘Antiochenam
1414 3699 1719 3771 Ecclesiam
1758 3698 2074 3769 fundasset,
2117 3700 2224 3755 Ro-
