2372 4108
912 273 1039 319 PARS
1071 274 1243 319 PRIMA.
1972 272 1996 318 7

138 382 255 436 lum
280 397 411 435 suos
438 378 508 433 25
546 376 898 451 episcopatus
923 391 1100 429 annos
1123 372 1448 441 absolvisse,
1475 371 1531 427 id
1561 377 1666 440 est,
1687 371 2022 445 martyrium

141 477 347 533 obiisse
371 494 517 530 anno
552 475 647 529 67.
1271 495 1313 523 ια
1590 470 1597 484 ’

216 576 270 629 5··
294 574 499 628 Auctor
534 587 844 644 anonymus
876 565 1070 639 scripti
1089 567 1152 620 cle
1177 566 1399 621 Eoeciclio
1425 567 1914 640 Hierosolymitanae
1932 585 2025 622 ur-

139 674 238 741 bis,
279 687 445 742 quem
477 672 668 724 sancto
703 663 993 719 Ambrosio
1028 662 1406 734 antiquiorem
1441 663 1764 720 existimant
1798 663 2026 732 eruditi,

143 775 329 823 narrat
377 764 675 836 contigisse
719 760 865 817 beati
906 759 1052 814 Petri
1076 758 1323 832 Apostoli
1360 776 1579 828 necem,
1601 759 1765 831 jussu
1798 760 2026 832 quidem

138 862 389 930 Neronis,
420 860 514 916 sed
556 860 770 915 Nerone
810 860 864 912 in
904 848 1119 912 Achaiae
1157 857 1397 928 partibus
1434 858 1556 910 sito.
1600 856 1766 910 Porro
1807 857 2031 911 aliunde

140 966 354 1015 constat
378 958 652 1012 Neronem
680 955 738 1009 in
775 953 975 1008 Achaia
1010 959 1292 1009 versatum
1325 970 1447 1007 esse
1492 969 1638 1007 anno
1664 952 1762 1017 67;
1806 968 1906 1006 nec
1928 951 2030 1005 Ro-

142 1074 289 1110 mam
314 1068 592 1110 remeasse
638 1051 746 1128 nisi
778 1068 922 1106 anno
951 1050 1044 1118 68,
1083 1069 1192 1122 quo
1217 1049 1387 1105 etiam
1417 1067 1561 1103 anno
1587 1065 1778 1103 necem
1812 1047 1920 1103 sibi
1946 1047 2030 1101 in-

143 1153 294 1208 tulit.

219 1253 274 1306 6⁰
291 1252 346 1305 ln
367 1249 483 1305 suis
495 1249 562 1303 ad
575 1248 887 1304 Corinthios
901 1248 1104 1304 litteris
1124 1247 1321 1303 asserit
1337 1254 1565 1302 sanctus
1576 1245 1876 1313 Clemensl⁷
1894 1263 2037 1299 mar-

146 1348 286 1421 tyrio
300 1347 530 1401 Paulum
546 1346 867 1419 Apostolum
888 1345 1096 1400 obiisse
1112 1346 1483 1418 snbpraesectis
1516 1365 1525 1396 :
1555 1349 1634 1398 καὶ
1651 1352 1947 1416 μαρτυρήσας
1961 1348 2036 1398 ἐπί

148 1457 236 1501 τῶν
264 1453 555 1516 ἡγουμένων.
589 1445 651 1498 Et
686 1444 915 1516 perinde
938 1451 1014 1498 est
1042 1462 1103 1498 ac
1126 1444 1174 1498 si
1200 1444 1268 1497 de
1291 1450 1482 1498 sancto
1508 1444 1664 1497 Petro
1700 1442 1844 1496 idem
1867 1440 2032 1496 etiam

155 1543 506 1601 asseruisset,
534 1560 661 1594 cuni
681 1541 870 1595 eodeni
897 1542 986 1595 die
1005 1542 1167 1594 ambo
1188 1540 1484 1595 mortalem
1509 1540 1680 1594 vitam
1697 1559 1795 1613 pro
1824 1539 2038 1594 Christo

156 1639 466 1713 posuerint.
510 1637 624 1692 Non
662 1644 847 1692 autem
891 1656 1028 1692 usus
1074 1644 1218 1692 esset
1253 1638 1502 1692 Clemens
1539 1637 1631 1690 illa
1677 1637 1917 1691 formula
1949 1637 2039 1690 sub

152 1737 434 1806 praefecti-5,
466 1733 510 1787 si
538 1751 779 1805 praesens
828 1734 1012 1787 Romae
1053 1731 1250 1787 suisset.
1301 1734 1638 1804 i1nperator;
1669 1733 1764 1787 sed
1808 1732 2040 1786 dixisset

154 1829 258 1884 sub
287 1831 526 1900 principe
571 1828 653 1882 vel
700 1829 803 1883 sul)
848 1830 1167 1900 imperatore
1204 1828 1433 1882 Nerone.
1473 1827 1665 1900 Argust
1708 1845 1906 1900 nempe
1955 1828 2046 1881 illa
2126 1896 2129 1898 v

157 1925 393 1979 formula
436 1924 731 1995 contigisse
775 1925 1066 1979 beatorum
1106 1925 1496 1998 Apostolorum
1538 1924 1872 1998 martyrium
1911 1924 2046 1978 dum

155 2022 294 2076 Nero
326 2022 382 2075 in
415 2021 614 2076 Achaia
638 2027 975 2088 versaretur,
1016 2021 1069 2075 id
1095 2028 1198 2090 est,
1232 2040 1374 2076 anno
1401 2022 1494 2076 67.

894 2283 1137 2387 CAPUT
1201 2329 1308 2386 Vll

461 2492 537 2524 AN
563 2493 642 2525 ΕΤ
666 2493 987 2536 qul'sslvts
1011 2497 1092 2528 An
1116 2496 1319 2529 anzm
1345 2497 1747 2532 PEn'nNEANl’

252 2564 436 2598 lucu
463 2565 675 2600 SANOT!
702 2567 907 2612 penu,
931 2569 1063 2612 211AE
1087 2569 1526 2604 coNNEX1omt-:M
1551 2570 1806 2605 HABENT
1830 2570 1956 2605 ΟΙῘΜ

543 2642 826 2675 ΡΒΙΜᾹΤΙῙ
850 2644 1246 2678 nomismatum!
1270 2645 1664 2680 PoN'anun.

235 2793 502 2865 Distingui
536 2797 711 2851 solent
737 2816 864 2850 cuin
892 2799 1224 2854 Bellarmino
1259 2804 1342 2875 (de
1382 2804 1618 2858 Romano
1649 2804 1922 2874 pontifice,
1946 2823 1992 2860 c.
2013 2808 2045 2869 ι’)

163 2891 431 2961 ejusmodi
471 2892 610 2948 facta
664 2899 924 2966 quatuor,
962 2896 1215 2952 videlicet
1247 2920 1256 2950 :
1284 2900 1335 2953 ‘1⁴'
1380 2899 1532 2962 Quod
1565 2899 1616 2954 S.
1653 2900 1844 2955 Petrus
1880 2900 2044 2957 suerit

159 2988 341 3042 Romae
364 3011 374 3052 ;
404 2989 457 3042 2⁰
474 2991 625 3053 Quod
648 2991 723 3045 ihi
741 2999 997 3047 mortuus
1018 2993 1180 3050 fuerit
1206 3020 1215 3060 3
1247 2998 1300 3050 5⁰
1320 2997 1469 3060 Quod
1491 2997 2044 3058 sueritRomanorum

162 3083 462 3156 Episcopus
487 3109 497 3150 3
534 3087 587 3140 4⁰
610 3088 761 3150 Quod
786 3090 957 3142 semel
978 3100 1300 3164 susceptum
1329 3095 1708 3166 episcopatum
1735 3095 2045 3148 Romanuin

168 3193 274 3229 non
304 3182 618 3250 mutaverit,
647 3198 744 3237 seu
787 3186 932 3255 quod
966 3187 1226 3259 l'ionlanaex
1250 3190 1406 3244 urbis
1444 3190 1745 3262 Episcopus
1778 3206 1954 3259 usque
1979 3188 2046 3241 ad

169 3279 400 3325 mortem
435 3290 554 3327 esse
578 3294 687 3330 non
716 3279 960 3352 desierit.
989 3282 1081 3336 llis
1108 3283 1233 3337 addi
1270 3293 1449 3357 potest
1481 3286 1766 3355 quintum,
1793 3283 1998 3337 scilicet
2031 3304 2041 3335 z

168 3368 319 3429 Quod
347 3369 648 3440 primatum
685 3391 847 3427 suum
890 3394 986 3430 scu
1035 3396 1360 3448 supremum
1387 3380 1771 3433 Pontificatum
1799 3378 1918 3433 Sodi
1943 3379 2046 3434 Ro-

170 3483 342 3519 mana*
383 3466 706 3537 alligaverit.

244 3562 472 3618 Primum
520 3566 747 3633 sactum,
798 3567 849 3620 id
889 3574 991 3634 est,
1036 3570 1180 3640 quod
1230 3571 1421 3626 Petrus
1456 3573 1632 3627 Romae
1676 3575 1852 3644 suerit,
1901 3575 2046 3647 rigo-

169 3674 291 3710 rose
327 3676 434 3712 non
473 3661 780 3731 requiritur
830 3664 894 3716 ad
951 3664 1342 3719 vindicandum
1400 3669 1657 3724 Romanis
1690 3670 2045 3728 Pontificibus
