2372 4108
924 279 1052 326 PARS
1080 278 1251 326 PRIMA.
1977 276 2032 322 75

143 501 168 554 S
196 501 235 543 l.
260 524 315 532 —-
336 500 450 546 Quod
475 504 645 541 sanctus
670 499 818 540 Petrus
841 497 960 538 urbis
978 495 1119 536 Romae
1138 495 1268 535 suerit
1290 494 1530 547 Episcopus,
1547 494 1598 535 ad
1622 494 1745 536 fidem
1767 493 1962 546 pertinet,
1982 505 2030 536 eo

198 577 323 610 sensu
354 568 466 620 quod
490 567 621 608 fuerit
644 565 846 620 implicite
875 564 926 604 ab
959 562 1140 603 Ecclesia
1169 561 1406 611 delinitum,
1439 573 1516 603 nee
1546 562 1675 614 possit
1703 561 1851 614 negari
1873 563 2030 614 absque

198 635 418 688 multiplici
442 640 551 677 nota.
610 669 616 675 .

206 768 302 823 Sic
321 783 522 840 nempe
537 763 780 820 decrevit
792 762 1171 819 Florentinum
1185 761 1824 833 conciliuszefinimus.
1837 805 1850 818 .
1863 807 1875 818 .
1891 765 2029 820 Pon-

144 866 335 936 tificem
351 864 642 919 Romanum
670 877 1022 916 successorem
1048 877 1162 915 esse
1182 859 1244 915 Β.
1283 858 1454 936 Petri.
1482 858 1768 915 Successio
1801 860 1938 926 haec,
1960 878 2026 917 ex

144 962 304 1018 obvio
322 979 386 1016 ac
412 959 679 1035 primario
697 977 886 1026 sensu,
919 957 1278 1030 intelligenda
1297 962 1381 1012 est
1401 957 1584 1029 quoad
1601 956 1908 1012 Romanam
1935 975 2025 1011 ca«—

146 1058 416 1115 thedram.
438 1057 704 1112 Definitur
721 1072 922 1129 nempe
934 1054 1248 1110 Romanum
1266 1054 1621 1128 Episcopum,
1641 1059 1918 1125 quatenus
1946 1060 2025 1109 ta-

143 1156 272 1222 lem,
306 1172 428 1210 esse
450 1153 597 1209 Beati
623 1153 767 1209 Petri
790 1159 1190 1209 successorem.
1213 1152 1380 1206 Porro
1412 1150 1690 1206 successio
1727 1152 1842 1206 haec
1876 1157 2024 1206 stare

142 1253 354 1324 nequit,
379 1251 488 1307 nisi
520 1252 574 1307 S.
612 1251 804 1306 Petrus
831 1250 997 1317 suerit
1025 1255 1077 1305 et
1119 1249 1239 1323 ipse
1278 1249 1561 1303 Romanus
1590 1247 1925 1322 Episcopus;
1961 1255 2022 1303 ut

137 1356 315 1422 patet.
341 1349 480 1420 Ergo
506 1347 774 1421 implicite
796 1346 1085 1402 definitum
1108 1346 1214 1402 fuit
1234 1352 1490 1401 sanctum
1515 1346 1737 1400 Petrum
1763 1345 2022 1400 Romanae

147 1446 301 1500 urbis
333 1445 662 1518 Episcopum
694 1444 964 1500 extitisse.
995 1442 1272 1514 Quidquid
1316 1450 1503 1498 autem
1540 1444 1608 1497 ab
1650 1442 1891 1498 Ecclesia
1942 1442 2022 1496 sic

151 1541 422 1614 implicite
448 1560 510 1596 ac
539 1541 935 1614 aequivalenter
961 1540 1250 1596 definitum
1289 1540 1415 1609 fuit,
1463 1539 1529 1594 ad
1554 1539 1715 1594 tidem
1759 1541 1862 1593 hoc
1900 1539 2020 1612 ipso

157 1639 416 1711 pertinet,
444 1656 625 1710 neque
653 1639 839 1710 negari
876 1644 1055 1711 potest
1081 1637 1291 1708 absque
1316 1644 1441 1693 nota
1472 1636 1791 1709 multiplici.

222 1734 458 1805 objicies,
482 1766 557 1774 —
581 1734 696 1787 Non
727 1740 902 1806 potest
926 1734 994 1787 ab
1023 1734 1263 1788 Ecclesia
1290 1733 1511 1788 definiri
1539 1740 1592 1787 et
1614 1733 1681 1787 ad
1704 1732 1868 1788 fidem
1895 1751 2018 1805 per-

133 1831 306 1885 tinere
331 1829 438 1884 nisi
468 1829 615 1900 quod
641 1848 671 1883 a
695 1829 904 1884 Christo
929 1829 1232 1883 revelatum
1258 1836 1371 1896 est;
1410 1847 1573 1902 porro
1601 1829 1750 1900 quod
1789 1835 2016 1884 sanctus

128 1928 318 1982 Petrus
346 1927 511 1983 fuerit
539 1926 913 1982 Romanorum
951 1926 1275 2000 Episcopus,
1317 1933 1400 1982 est
1427 1926 1635 1981 sactum
1672 1927 2009 1994 humanum,

129 2023 276 2094 quod
303 2023 502 2078 nullibi
526 2023 734 2096 legitur
775 2042 805 2078 a
838 2023 1053 2078 Christo
1087 2024 1422 2090 revelatum3
1451 2042 1579 2096 ergo
1612 2024 1823 2078 factum
1861 2023 2010 2079 istud

128 2138 238 2175 non
274 2122 453 2195 potuit
479 2139 508 2176 a
531 2122 843 2177 Florentino
868 2122 1103 2178 concilio
1138 2123 1410 2196 implicite
1434 2123 1677 2179 definiri.

203 2218 530 2290 Respomleo.
559 2252 626 2260 —
651 2219 831 2276 Potuit
858 2227 1083 2276 sanctus
1108 2220 1322 2289 PetruS,
1355 2220 1667 2294 inspirante
1695 2239 1757 2276 ac
1777 2221 2010 2293 jubente

130 2314 366 2382 Christe,
394 2317 622 2371 Romam
655 2334 886 2390 pergere
915 2317 1179 2389 illiusque
1206 2318 1444 2373 civitatis
1476 2319 1858 2392 episcopatum
1887 2336 2011 2373 sus·

128 2410 334 2481 cipere,
363 2429 425 2465 ac
451 2412 531 2465 illi
562 2413 834 2468 cathedrae
859 2414 1162 2486 primatum
1196 2415 1508 2473 adnectere.
1540 2418 1603 2471 Et
1647 2416 1795 2488 quod
1821 2415 1899 2470 ita
1921 2433 2007 2470 re-

129 2521 253 2558 vera
310 2506 605 2578 eontigerit
660 2508 885 2565 tradunt
937 2512 1192 2566 nonnulli
1240 2514 1536 2586 scriptores
1598 2511 1998 2584 antiquissimi.

129 2601 261 2657 Item
295 2604 473 2681 potpit
508 2611 734 2660 sanctus
767 2606 981 2674 Petrus,
1016 2608 1211 2664 fideles
1238 2610 1466 2665 edocere
1492 2630 1521 2665 a
1549 2629 1607 2665 se
1653 2614 1998 2681 susceptum,

123 2717 186 2754 cx
211 2701 493 2758 voluntate
525 2703 746 2771 Christi,
775 2705 1082 2760 Romanum
1121 2708 1522 2781 episcopatum,
1561 2715 1612 2764 et
1644 2708 1691 2763 ei
1721 2708 1999 2763 adnexum

129 2796 186 2850 in
215 2804 545 2871 perpetuum
589 2819 917 2875 supremum
962 2803 1132 2859 totius
1162 2805 1418 2861 Ecclesiae
1462 2806 1732 2878 regimen.
1772 2806 1879 2859 Nee
1898 2804 1999 2858 du-

127 2893 281 2948 bium
326 2896 461 2967 quin
512 2898 586 2952 ita
636 2897 1024 2967 declaraverit,
1060 2907 1249 2975 utpote
1287 2902 1434 2973 quod
1484 2903 1690 2958 summi
1733 2902 2001 2958 momenti

119 2998 259 3058 erat,
294 2998 345 3047 et
373 2993 439 3047 ad
466 2994 755 3066 ipsiusmet
785 2997 1037 3053 Ecclesiae
1060 2997 1304 3053 divinam
1342 2998 1800 3059 constitutionem
1830 3001 2002 3075 perti-

127 3085 309 3141 nebat.
337 3087 503 3143 Porro
527 3089 593 3143 ad
629 3089 791 3146 fidem
823 3092 1083 3164 pertinet,
1132 3113 1244 3150 non
1287 3102 1508 3152 tantum
1562 3098 1710 3168 quod
1753 3097 2001 3152 Christus

122 3178 353 3251 ipsemet
383 3182 700 3240 immediate
728 3188 1006 3256 revelavit,
1042 3191 1135 3244 scd
1173 3192 1341 3247 etiam
1382 3194 1530 3265 quod
1574 3212 1671 3266 per
1714 3191 2000 3265 Apostolos

115 3293 244 3330 suos
272 3276 508 3333 edocuit.
538 3280 933 3351 Igiturfactum
963 3285 1131 3355 istud,
1158 3291 1295 3359 quod
1314 3290 1501 3344 Petrus
1523 3290 1670 3344 Urbis
1690 3290 1870 3343 Romae
1887 3291 1998 3359 sue-

116 3375 186 3426 rit
217 3373 526 3447 Episcopus,
563 3381 756 3450 utpote
793 3382 939 3450 quod
970 3383 1158 3439 docuit
1185 3384 1239 3438 S.
1280 3384 1470 3438 Petrus
1514 3392 1779 3456 tanquam
1806 3402 1871 3439 ex
1906 3403 1996 3440 vo-

119 3469 330 3527 luntate
358 3473 553 3529 Christi
596 3484 903 3547 peractum,
957 3481 1158 3551 potuit,
1202 3481 1496 3536 accedente
1520 3482 1773 3537 Ecclesiae
1798 3482 1993 3538 defini·

120 3565 288 3637 tione,
317 3569 384 3624 ad
412 3570 575 3626 tidem
600 3573 896 3645 pertinere.
942 3575 1081 3647 Ergo
1107 3576 1313 3631 sactum
1339 3576 1489 3632 istud
1519 3579 1787 3652 implicite
1811 3598 1841 3634 a
1868 3598 1991 3636 con-

113 3664 238 3720 cilio
263 3667 575 3726 Florentino
613 3670 826 3726 deliniri
862 3673 1061 3745 potuit.
