2320 4010
901 80 919 105 ἱ

843 204 972 250 PARS
1002 203 1238 250 SECUNDA.
1886 200 1974 248 249

103 291 519 368 sallibilitatem⁸
542 306 698 362 illam
726 306 1072 364 sufficienter
1096 309 1391 365 revelatam
1425 307 1618 375 fuisse,
1653 323 1718 362 ac
1763 306 1819 362 in
1848 307 1979 362 scri-

104 398 278 479 pturae
313 408 366 459 et
408 400 720 458 traditionis
772 401 1024 475 deposito
1071 402 1365 471 contineri,
1412 409 1474 458 ut
1519 401 1735 458 deliniri
1776 401 1974 470 valeat,

104 501 322 574 quando
346 497 588 554 Ecclesia
624 502 1002 571 opportunum
1035 497 1393 552 existimabit.
1425 498 1634 554 Interea
1667 515 1796 554 vcro
1823 498 1978 554 illam

110 599 427 672 negantium
471 613 715 653 errorem
763 613 793 650 a
845 595 982 650 Sede
1023 595 1335 668 Apostolica
1379 595 1592 668 pluries
1621 598 1979 670 reprobatum

109 697 312 762 fuisse3
346 701 399 751 at
441 712 567 750 cum
595 711 658 749 60
686 691 991 748 tolerantiae
1029 697 1489 764 temperament0‚
1520 697 1582 746 ut
1612 693 1861 748 nondum
1893 695 1980 749 ul-

108 793 194 849 las
235 792 281 848 ei
311 799 466 848 notas
503 789 837 862 theologicas
886 788 1175 844 inusserit.
1225 789 1346 843 llaec
1388 787 1806 844 infallibilitatis
1858 810 1981 863 pro-

111 893 476 962 pugnatorum
511 885 778 942 doctrina.
808 883 1005 939 Dicunt
1044 900 1244 956 nempe
1270 882 1565 951 infallibilia
1586 900 1646 937 ac
1673 884 1980 954 irreforma-

111 983 235 1038 bilia
275 1000 391 1038 csse
431 981 660 1037 Romani
705 980 983 1036 Pontificis
1022 979 1202 1051 quoad
1242 978 1406 1034 fidem
1442 977 1676 1050 judicia,
1727 978 1982 1049 quamvis

111 1080 353 1135 nondum
380 1079 608 1135 dicenda
651 1079 762 1134 sint
798 1080 862 1133 (16
903 1079 1025 1149 side,
1072 1096 1132 1132 60
1181 1094 1348 1132 sensu
1390 1075 1537 1148 quod
1564 1081 1829 1147 negantes
1860 1094 1982 1130 cva-

109 1176 238 1231 dant
280 1178 383 1231 hoc
410 1177 526 1248 ipso
552 1175 845 1246 formaliter
875 1176 1123 1229 haeretice'.

182 1272 300 1325 Jam
338 1288 461 1324 vcro
498 1269 633 1340 quid
661 1287 770 1342 prae
799 1287 856 1325 se
900 1271 1004 1325 fert
1053 1277 1288 1342 quartus
1327 1271 1551 1324 famosae
1593 1270 1984 1325 declarationis

114 1366 417 1420 articulus?
462 1365 624 1418 Plane
650 1365 989 1420 contrarium
1015 1391 1024 1432 ;
1055 1366 1327 1433 videlicet,
1378 1366 1532 1438 Papae
1569 1365 1844 1436 judicium
1886 1384 1988 1419 non

119 1479 228 1515 esse
258 1459 639 1532 irreformabile
679 1460 786 1514 nisi
824 1459 1070 1515 Ecclesize
1100 1478 1405 1516 consensus
1432 1461 1744 1515 accesserit.
1779 1460 1834 1514 Si
1877 1479 1986 1514 non

115 1564 196 1612 est
226 1557 647 1622 irreformabile,
692 1575 799 1611 non
827 1563 909 1612 est
937 1557 1248 1625 infallibile,
1287 1576 1383 1613 nec
1411 1564 1562 1612 certo
1590 1575 1803 1613 verum.
1839 1558 1986 1612 Unde

113 1654 381 1708 articulus
408 1652 499 1705 ille
522 1658 865 1705 nontantum
898 1652 1138 1707 declarat
1170 1653 1476 1707 Pontificias
1507 1652 1855 1706 definitiones
1880 1670 1986 1705 non>

113 1766 222 1803 esse
245 1750 309 1801 (16
335 1748 454 1817 fide,
489 1744 582 1799 sed
616 1746 847 1819 insuper
875 1766 965 1802 cas
996 1765 1256 1802 erroneas
1292 1765 1411 1801 esse
1444 1763 1626 1818 posse.
1654 1748 1856 1813 —Ast,
1905 1747 1987 1800 in-

109 1842 257 1915 quis,
286 1843 384 1896 hoc
413 1842 529 1914 ipso
556 1843 702 1912 quod
723 1861 835 1896 non
865 1845 970 1896 sint
993 1845 1057 1896 (16
1079 1844 1200 1914 fule,
1223 1859 1469 1897 erroneae
1493 1860 1614 1898 esse
1636 1851 1889 1916 possunt.
1914 1876 1985 1885 —-

106 1939 158 1993 Id
188 1956 415 2012 prorsus
445 1944 675 2010 negatur
704 1945 756 1993 et
784 1939 1146 1994 falsissimum
1167 1945 1268 1994 est.
1308 1939 1476 1994 Multa
1504 1946 1635 1995 sunt
1663 1950 1804 1996 certo
1831 1960 1975 2011 vera,

104 2040 156 2090 et
175 2035 451 2114 ‘revelata;
484 2042 537 2090 et
563 2042 749 2091 tamen
781 2053 843 2090 co
869 2036 1017 2106 quod
1050 2037 1300 2091 nondum
1333 2054 1591 2110 expresse
1617 2037 1843 2093 delinita
1863 2039 1980 2094 fue-

105 2130 232 2197 rint,
278 2130 494 2204 proprie
536 2132 598 2186 (16
623 2133 726 2201 fide
756 2149 863 2186 non
895 2139 1048 2204 sunt,
1083 2151 1145 2186 eo
1175 2151 1343 2188 sensu
1372 2133 1520 2204 quod
1566 2142 1830 2206 negantes
1879 2154 1978 2210 pro

107 2227 407 2284 formaliter
451 2229 721 2285 haereticis
760 2230 950 2285 baberi
983 2231 1240 2286 debeant.
1291 2232 1423 2287 Item
1465 2233 1640 2287 multa
1681 2240 1810 2289 sunt
1839 2245 1978 2290 certo

109 2341 322 2378 erronea
363 2331 552 2398 utpote
598 2326 951 2382 revelationis
987 2327 1236 2400 deposito
1283 2334 1431 2383 certo
1469 2330 1743 2384 contraria
1776 2354 1785 2394 3
1817 2337 1870 2386 et
1908 2338 1980 2385 ta-

113 2435 234 2473 men
264 2420 499 2475 nondum
546 2429 674 2477 sunt
716 2423 1023 2478 formaliter
1064 2424 1344 2492 haeretica,
1373 2443 1436 2479 60
1463 2426 1608 2496 quod
1655 2444 1763 2479 non
1792 2445 1981 2498 super-

111 2517 313 2571 venerit
359 2507 646 2591 expressa*
682 2537 911 2587 eorum,
958 2527 1231 2592 quatenus
1290 2523 1526 2575 haeresim
1581 2525 1975 2591 continentium,

106 2611 506 2668 condemnatio.
550 2615 954 2688 Applicandum
1007 2616 1061 2669 id
1103 2616 1317 2689 l‘apalis
1369 2617 1784 2672 infallibilitatis
1843 2636 1981 2691 prze-

106 2707 354 2777 rogativae
383 2718 605 2766 censent
643 2711 807 2766 multi
847 2713 1081 2784 hujusce
1108 2713 1481 2786 praerogativze
1513 2719 1973 2786 propugnatores.

105 2802 300 2876 Papam
344 2806 398 2859 in
442 2808 783 2864 decernenda
831 2810 935 2864 lide
972 2810 1322 2866 infallibilem
1372 2829 1492 2866 6556
1534 2818 1802 2883 tanquam
1845 2812 1975 2883 quid

106 2908 295 2954 certum
347 2911 394 2956 et
442 2907 646 2958 omnino
697 2907 972 2960 tenendum
1016 2908 1237 2967 docent,-
1292 2915 1343 2963 ct
1395 2908 1759 2963 nibilominus
1810 2908 1978 2962 simul

106 2996 325 3051 tradunt
368 2998 420 3050 id
453 3017 560 3052 non
591 3017 711 3054 esse
752 3002 814 3055 (16
847 3004 972 3071 fide,
1002 3021 1064 3058 60
1099 3004 1367 3058 nimirum
1401 3022 1568 3058 sensu
1595 3004 1742 3074 quod
1777 3003 1974 3054 dictam

106 3088 556 3145 infallibilitatem
601 3102 861 3165 negantes
901 3099 1013 3152 sint
1059 3099 1282 3171 proprie
1312 3118 1408 3153 scu
1453 3099 1759 3153 formaliter
1806 3097 1973 3148 luere-

110 3180 222 3236 lici.
790 3254 795 3260 ·

180 3278 321 3332 Dum
352 3297 480 3351 ergo
524 3282 862 3353 BossuctiuS,
907 3286 973 3338 ad
1020 3286 1122 3340 ista
1167 3287 1397 3340 Duvallii
1434 3287 1620 3342 verba.
1652 3286 1976 3354 definitiones

108 3371 372 3443 Pontifices
418 3395 517 3430 non
566 3395 676 3431 esse
724 3379 786 3431 (16
829 3380 951 3448 lide,
1009 3379 1082 3431 ita
1131 3380 1414 3450 subjux‘igit
1454 3400 1463 3430 :
1505 3380 1649 3444 Qum!
1689 3398 1840 3434 unum
1896 3381 1979 3434 (16-

110 3466 329 3523 claratio
366 3471 634 3527 Gallicana
682 3471 862 3541 voluit,
891 3472 1106 3528 veritati
1141 3492 1248 3526 non
1287 3481 1574 3528 consonat.
1613 3474 1794 3529 Voluit
1821 3475 1977 3529 Galli-

110 3580 246 3618 cana
276 3565 572 3623 declaratio
600 3569 663 3626 <si
704 3570 781 3623 fas
815 3569 881 3623 sit
916 3567 987 3622 ita
1019 3568 1194 3638 loqui)
1232 3569 1513 3625 declarare
1550 3570 1695 3642 quod
1718 3588 1974 3644 expresse
