2320 4010
834 174 960 222 PARS
990 172 1231 221 SECUNDA.
1887 168 1974 215 409

107 307 136 339 α
162 286 539 342 consentiatis»
579 281 749 358 (apud
775 280 982 352 -Labbe,
1018 287 1168 337 tomo
1193 278 1316 347 Vlll,
1346 277 1451 334 col.
1486 275 1619 347 512,
1658 274 1790 334 edit.
1830 273 1976 331 Pari-

106 381 225 449 siis,
270 380 461 451 1671).
997 375 1014 384 ”

178 477 518 548 OmittimuS,
546 474 827 533 brevitatis
866 491 1056 545 causa,
1098 473 1378 530 celebrem
1406 470 1654 544 ejusdem
1700 468 1977 550 ¹Pontiticis

106 575 173 631 ad
200 575 486 631 universos
511 572 694 629 Galliae
722 571 1012 646 Episcopos
1039 570 1353 644 epistolam,
1375 587 1498 641 quae
1520 575 1631 626 tola
1658 570 1770 626 fere
1795 576 1979 626 trans-

106 670 365 727 cribenda
389 670 526 726 soret
559 669 820 742 (habetur
843 667 986 740 apud
1020 667 1220 736 Labhe,
1245 674 1395 721 tomo
1422 667 1611 735 citat0,
1635 666 1741 722 col.
1774 665 1922 737 797).

176 766 229 821 Si
254 767 533 821 Romanus
554 764 797 821 Pontifex
823 764 880 818 in
909 762 1146 819 decretis
1170 761 1296 817 fidei
1323 762 1635 818 infallibilis
1667 780 1778 817 non
1811 768 1978 833 esset,

32 847 34 855 ’
103 863 346 934 legitime
371 868 563 917 contra
594 861 703 931 ejus
733 862 1113 933 confessionem
1142 875 1240 913 seu
1275 858 1583 914 doctrinam
1610 875 1732 912 sese
1770 858 1982 929 erigere

101 965 302 1031 posset,
334 958 445 1012 imo
487 957 730 1024 deberet,
787 955 1042 1027 quisquis
1083 954 1140 1009 in
1179 972 1425 1010 errorem
1458 959 1555 1008 aut
1594 953 1850 1008 haeresim
1892 953 1983 1008 de-

100 1054 318 1127 lapsum
353 1070 479 1108 eum
515 1052 874 1108 existimaret.
919 1051 1052 1107 Cum
1092 1069 1224 1124 ergo
1255 1050 1602 1107 contrarium
1647 1056 1856 1105 asserat
1891 1050 1983 1105 Ni-

97 1150 286 1205 colaus
322 1150 362 1222 l,
403 1150 468 1204 (le
510 1149 870 1204 Summorum
910 1149 1237 1204 Pontificum
1281 1148 1585 1203 inerranlia
1629 1165 1982 1221 nequaquam

101 1247 388 1315 dubitavit.
409 1246 580 1309 Quam
601 1264 758 1300 suam
779 1247 1194 1319 persuasionem
1222 1247 1405 1319 palam
1434 1246 1563 1301 facit
1590 1246 1817 1319 insuper
1847 1246 1979 1301 dum

105 1343 318 1410 asserit,
354 1361 455 1397 vuon
496 1344 649 1398 licere
688 1346 919 1414 cuiquam
955 1345 1017 1398 cle
1046 1344 1270 1398 Romani
1311 1344 1581 1414 Pontifices
1605 1344 1811 1416 judicio
1840 1344 1983 1414 jucli-

106 1457 264 1494 care:
313 1441 365 1495 id
414 1441 691 1495 enimvero
743 1458 970 1514 prorsus
1011 1441 1220 1509 liceret,
1279 1442 1323 1497 si
1384 1442 1558 1496 errori
1620 1442 1764 1497 circa
1817 1442 1981 1497 fidem

104 1535 352 1590 obnoxiae
414 1536 589 1591 forent.
651 1536 968 1608 dogmaticae
1029 1537 1260 1591 Romani
1309 1537 1557 1612 Episcopi
1614 1537 1979 1593 definitiones

104 1630 235 1685 Item
285 1632 415 1687 dum
457 1634 654 1688 asserit
693 1651 800 1689 non
841 1651 962 1689 esse
998 1633 1155 1688 firma
1191 1634 1554 1690 conciliorum
1594 1635 1831 1703 decreta,
1876 1635 1982 1690 nisi

102 1745 164 1782 cx
190 1729 432 1800 eju‘sdem
467 1730 694 1786 Romani
733 1730 1007 1786 Pontificis
1043 1749 1291 1786 assensu.
1327 1731 1463 1786 Item
1502 1750 1631 1786 cum
1666 1732 1818 1786 nefas
1854 1751 1979 1805 pro-

102 1824 317 1878 nuntiat
358 1843 389 1878 α
428 1825 576 1880 Sedis
611 1827 922 1899 Apostolicae
963 1845 1117 1881 seusu
1160 1828 1370 1882 deviare
1413 1836 1459 1883 et
1500 1829 1581 1882 vel
1617 1829 1684 1882 ad
1727 1828 1981 1882 modicum

98 1928 406 1973 momentum
439 1922 758 1993 discrepare.

171 2016 452 2070 Pnoposmo
491 2017 676 2072 xxlvss.
698 2019 933 2075 —Nouo
965 2021 1155 2075 saeculo
1183 2023 1406 2092 vigsuisse
1441 2022 1505 2074 (Ie
1541 2020 1761 2075 Romani
1798 2021 1983 2075 Ponti-

98 2115 207 2186 ficis
241 2116 524 2170 inerrcmtia
555 2120 964 2188 persuasionem,
1005 2126 1209 2174 constat
1240 2138 1303 2173 ea:
1346 2119 1616 2191 Episcopis
1652 2118 1863 2188 Galliac,
1897 2123 1981 2190 qui

101 2211 312 2265 concilio
345 2211 750 2285 Aquisqraueusi
782 2218 906 2270 (mni
940 2215 1046 2271 860
1084 2219 1454 2288 iuterfuerunt.
1494 2249 1562 2257 —
1591 2217 1758 2272 Suam
1785 2235 1983 2290 nempe

102 2306 167 2361 ad
189 2306 467 2362 Nicolaum
494 2310 513 2363 I
538 2311 732 2384 Papam
775 2312 1097 2367 relationem
1139 2313 1213 2367 ita
1250 2314 1621 2370 exordiuntur
1652 2338 1660 2368 :
1706 2337 1731 2366 «
1753 2316 1980 2388 Aposto-

105 2424 130 2454 «
157 2402 272 2457 licis
298 2404 644 2461 documentis
684 2414 736 2461 et
771 2408 1184 2464 Pontificalihus
1218 2411 1453 2466 decretis
1488 2411 1875 2485 multiplieiter
1899 2413 1982 2465 in-

102 2518 128 2549 «
156 2498 483 2572 formamur,
527 2510 587 2558 ut
613 2504 780 2558 vestri
817 2505 1152 2560 sanctissimi
1187 2507 1530 2579 apostolatus
1563 2507 1796 2580 apicem,
1826 2507 1978 2579 prin-

100 2616 126 2647 «
155 2597 291 2671 cipis
341 2600 718 2673 apostolorum
766 2601 870 2656 fide
917 2609 967 2657 et
1025 2602 1246 2656 nomine
1293 2610 1710 2673 consecratum,
1767 2605 1980 2675 quoties

99 2713 126 2744 «
154 2703 339 2751 sancta
378 2697 614 2752 Ecclesia
659 2698 838 2769 aliqua
879 2699 1117 2776 nov-itate
1157 2700 1433 2772 pulsatur,
1478 2701 1765 2756 humiliter
1818 2702 1980 2756 adea-

99 2809 125 2839 α
156 2807 278 2844 mus
307 2812 317 2843 :
350 2791 537 2863 ibique
570 2793 682 2847 veri
725 2793 940 2847 consilii
985 2795 1351 2850 saluberrima
1390 2795 1646 2852 instituta
1688 2797 1980 2853 sinceriter

102 2905 129 2934 «
159 2885 500 2956 liauriamUS,
529 2889 623 2943 ubi
663 2890 814 2944 mitis
851 2891 1112 2963 magister
1139 2892 1386 2948 Christus
1413 2899 1462 2948 et
1503 2904 1787 2949 Summum
1816 2904 1977 2968 caput

105 2984 436 3051 «nostrum,
486 2983 912 3041 fundamentum
957 2988 1209 3044 Ecclesiae
1256 2990 1493 3063 posuit»
1553 2992 1729 3064 (apud
1777 2991 1973 3059 Labhe,

104 3078 143 3125 t.
174 3072 297 3138 Vlll,
332 3075 435 3129 col.
468 3077 596 3145 697,
637 3081 767 3135 edit.
806 3082 1052 3154 Parisiis,
1090 3087 1281 3158 1671).
1319 3088 1370 3142 Si
1406 3088 1689 3141 Antistites
1731 3086 1812 3139 illi
1838 3087 1979 3139 salli-

105 3168 266 3222 bilem
295 3169 347 3223 in
377 3171 602 3226 edendis
641 3175 962 3246 dogmaticis
999 3182 1413 3237 delinitionibus
1451 3184 1760 3236 Romanum
1796 3171 1976 3238 Ponti-

106 3266 259 3319 licem
300 3266 727 3339 existimassent,
770 3290 1119 3345 nequaquam
1170 3278 1534 3332 asseruissent
1580 3278 1759 3350 ipsum
1811 3280 1974 3334 humi-

102 3363 222 3415 liter
247 3362 540 3417 adeundum
570 3382 679 3418 esse
715 3367 929 3435 quoties
979 3370 1153 3439 aliqua
1195 3375 1420 3427 'novitate
1450 3374 1690 3445 pulsatur
1715 3375 1969 3443 Ecclesia,

102 3466 154 3514 et
194 3461 262 3513 ibi
303 3460 604 3515 haurienda
643 3479 760 3517 esse
800 3466 907 3518 veri
945 3468 1145 3521 consilii
1174 3469 1430 3524 instituta.
1473 3472 1602 3526 Item
1645 3490 1757 3526 non
1800 3473 1967 3528 dixis-

104 3563 243 3622 sent,
264 3557 315 3610 iu
344 3557 577 3611 Romani
604 3559 878 3615 Pouliticis
904 3563 1226 3619 auctoritate
1251 3567 1485 3637 positum
1512 3568 1768 3625 aCliristo
1796 3570 1966 3626 fuisse
