2320 4010
226 122 315 170 452
906 109 1201 158 TRAGTATUS
1232 109 1298 156 DE
1329 109 1472 157 PAPA-

225 245 422 284 ramus
452 224 625 291 enim,
664 220 764 278 sed
801 219 1131 276 firmissime
1162 225 1445 290 tenemuS,
1478 225 1532 276 et
1566 219 1897 278 nullatenus
1927 222 2146 282 dubita-

225 345 376 395 mus,
408 302 566 396 ‚quod
601 325 792 377 sancta
830 318 1004 375 Sedes
1033 318 1364 393 ·Apostolica
1401 321 1484 373 est
1526 316 1623 373 illa
1667 319 1936 375 cathedra
1975 315 2156 392 Petri,

224 440 396 498 supra
440 438 635 495 quam,
677 418 872 475 eodem
910 416 1246 493 Hieronymo
1276 422 1443 488 teste,
1491 415 1726 472 fundata
1767 422 1853 472 est
1881 416 2144 492 Ecclesia,

223 527 287 576 ut
317 519 560 575 habetur
583 517 643 572 in
657 515 854 573 eadem
883 517 1186 588 quaestione,
1215 514 1399 589 capite
1427 512 1689 582 Quoniam
1719 521 1894 580 veta-5,-
1925 521 1977 571 et
2004 514 2147 574 sicut

223 616 361 673 dicit
387 615 720 691 CyprianuS,
756 619 893 669 xcma
933 612 1322 684 distinctione,
1355 629 1569 668 canone
1599 610 1697 679 Qui
1730 612 2053 670 cathedram.
2079 613 2150 671 De
2242 629 2284 707 3ιῇ

222 736 334 791 qua
365 716 496 773 sede
522 715 581 770 in
615 733 856 791 persona
880 713 1027 770 Petri
1061 712 1298 788 apostoli
1327 711 1387 768 in
1417 731 1481 769 ea
1509 711 1758 769 sedentis
1786 711 2003 768 dictum
2030 720 2142 770 est:
2272 709 2281 723 '

220 814 403 885 Petre,
437 816 615 886 royavi
633 831 732 887 pro
771 820 842 881 tc,
867 820 927 868 ut
959 830 1063 867 non
1107 813 1318 884 deficiat
1348 813 1480 884 sides
1522 819 1611 866 tua
1652 810 1800 885 (Luc.
1840 810 1989 883 xxn).
2028 810 2149 868 Haec

221 919 304 970 est
331 913 507 986 igitur
547 911 617 968 ad
654 931 829 986 quam
855 911 1257 968 determinatio
1285 910 1413 966 fidei
1447 918 1499 967 et
1529 910 1863 985 approbatio
1895 909 2150 982 veritatis

221 1013 510 1069 catholicae
534 1031 597 1068 ac
623 1012 898 1068 haereticae
922 1011 1232 1086 impietatis
1262 1008 1553 1067 detestatio
1586 1010 1833 1066 maxime
1854 1012 2144 1085 pertinet»

225 1110 396 1185 (inter
439 1110 616 1183 Opera
660 1109 940 1179 Gersonii,
972 1116 1129 1164 tomo
1171 1109 1213 1178 l,
1258 1109 1460 1182 pagina
1507 1109 1637 1179 702,
1685 1108 1947 1166 editionis
1981 1109 2148 1166 Ellies

218 1208 421 1281 Dupin,
447 1206 1008 1279 Antuerpiae,170(i').
1039 1206 1217 1261 Verba
1245 1224 1369 1277 quae
1400 1206 1476 1259 ibi
1510 1206 1933 1263 tribuuntur‘S.
1958 1208 2147 1264 Hiero-
2226 1274 2230 1277 ¹
2283 1246 2285 1250 ι

219 1321 412 1376 nymO,
442 1306 671 1375 sumpta
699 1306 833 1356 sunt
861 1318 926 1356 ex
952 1300 1299 1374 professione
1332 1300 1464 1356 fidei
1492 1300 1718 1373 Pelagii,
1748 1319 1917 1374 quam
1942 1303 2066 1361 vide
2088 1305 2147 1361 in

220 1398 529 1473 appendice.
551 1398 686 1455 lomi
716 1399 751 1453 X
778 1398 1025 1473 Operum
1050 1398 1103 1454 S.
1138 1398 1464 1472 Augustini,
1497 1399 1603 1454 col.
1641 1399 1736 1468 96,
1770 1398 2031 1457 editionis
2049 1403 2146 1458 Be-

219 1499 664 1556 nedictinorum.
894 1572 901 1577 -

294 1599 496 1654 Probat
531 1604 721 1654 autem
757 1597 964 1672 citatus
1001 1602 1189 1653 textus
1223 1597 1557 1654 Parisiensis
1602 1597 1888 1653 facultatis
1923 1615 2145 1672 persua-

218 1700 435 1755 sionem
470 1687 540 1755 de
576 1699 817 1754 Romani
854 1698 1139 1755 Pontificis
1178 1697 1237 1752 in
1266 1698 1619 1754 decernenda
1668 1698 1777 1754 fide
1819 1678 2149 1754 inerrantia.

219 1797 274 1852 Si
305 1798 455 1853 enim
479 1797 773 1853 sallihilem
801 1815 931 1854 eum
956 1797 1340 1853 existimasset
1371 1797 1651 1866 FacultaS,
1683 1796 1880 1853 insane
1903 1797 2152 1872 professa

217 1904 364 1953 esset
384 1898 451 1972 ad
480 1898 668 1971 ipsum
692 1899 1187 1952 determinationem
1204 1899 1326 1970 fidei
1345 1897 1647 1971 pertinere.
1668 1897 1904 1972 Scripsit
1923 1881 2153 1970 quidem

216 1997 413 2053 Petrus
450 1996 517 2052 de
557 1996 766 2052 Alliaco
809 1996 897 2052 his
936 1996 1096 2052 valde
1138 1997 1444 2067 contraria,
1488 2004 1551 2052 ut
1593 2016 1722 2052 mox
1748 1997 1991 2054 dicetur.
2037 1999 2152 2053 Imo

226 2095 446 2168 primus
484 2094 714 2151 Romani
755 2094 1040 2150 Pontificis
1084 2095 1455 2150 inerrantiam
1491 2101 1544 2151 et
1588 2095 1819 2151 relative
1862 2096 1930 2151 ad
1977 2096 2158 2151 conci-

225 2195 365 2250 lium
392 2195 602 2269 abipso
632 2196 956 2268 sejunctum
986 2195 1446 2269 superioritatem
1477 2195 1703 2270 scriptis
1723 2195 1964 2252 inficiari
1983 2215 2157 2253 ausus

223 2299 325 2348 est.
350 2292 528 2347 Manet
563 2298 751 2346 tamen
784 2281 905 2364 ejus
938 2298 991 2347 et
1024 2291 1206 2346 totius
1242 2292 1632 2349 universitatis
1673 2293 1846 2366 relata
1877 2293 2155 2350 sententia

224 2398 497 2464 tanquam
526 2390 849 2446 communis
870 2390 1053 2446 adhuc
1076 2392 1182 2446 hoc
1202 2398 1457 2466 tempore
1490 2392 1902 2449 catholicorum
1927 2411 2156 2468 persua-

222 2489 398 2546 sionis
429 2496 890 2546 monumentum.

297 2591 542 2645 DocrnlsA
580 2590 847 2644 Pnocenuil
887 2589 1110 2662 GALUAE,
1157 2589 1215 2644 in
1248 2589 1440 2646 libello
1469 2590 1739 2647 Clementi
1779 2591 1817 2646 V
1858 2591 2158 2648 oblato.—

225 2712 251 2740 «
283 2691 402 2744 Non
446 2690 720 2762 quaeritur
765 2690 832 2746 de
866 2690 1065 2746 haeresi
1107 2690 1266 2765 Papae
1305 2691 1646 2763 quondam¹,
1675 2699 1732 2746 ut
1756 2692 1942 2764 Papae,
1974 2690 2069 2771 sed
2097 2696 2159 2746 ut

217 2791 437 2860 privatae
454 2807 713 2860 personam
741 2789 849 2843 Nec
876 2789 1028 2843 enim
1063 2795 1126 2844 ut
1156 2790 1298 2863 Papa
1337 2789 1520 2864 poluit
1551 2807 1675 2844 esse
1702 2788 2022 2859 haereticUS,
2059 2788 2158 2845 sed

223 2891 284 2940 ut
328 2885 544 2960 privata
589 2904 847 2960 persona.
887 2886 993 2942 Nec
1031 2905 1290 2960 unquam
1337 2887 1545 2958 aliquis
1585 2887 1751 2961 Papa,
1791 2886 1848 2941 in
1881 2893 2157 2960 quantum

220 2985 383 3058 Papa,
434 2983 540 3039 suit
578 2983 939 3040 haereticus»
988 2984 1246 3054 (citatum
1288 2984 1346 3038 in
1391 2984 1674 3058 Theoloyia
1710 2985 2154 3061 Wirceburyensi,

223 3091 261 3140 t.
296 3083 337 3151 l,
367 3102 422 3157 p.
451 3082 586 3152 575,
616 3082 748 3136 edit.
785 3081 1034 3150 Parisiis,
1068 3080 1262 3155 1852).

295 3182 588 3236 Puerosrrlo
633 3179 875 3234 L1V³.—
902 3179 1092 3235 Merito
1133 3181 1463 3237 concluditur
1505 3185 1808 3240 unanimem
1847 3187 2015 3258 fuisse
2048 3186 2155 3240 clic-

221 3292 330 3338 tam
351 3282 750 3355 persuasionem
783 3282 843 3336 ab
884 3298 1023 3335 cinno
1063 3279 1210 3336 1200
1250 3300 1411 3354 usque
1450 3283 1518 3337 ad
1555 3283 1959 3341 Constantiense
1988 3286 2155 3340 conci-

217 3383 367 3438 lium.
393 3414 463 3424 ——
484 3380 899 3437 Catholicorum
931 3380 1276 3455 scriptorum
1300 3382 1397 3455 qui
1430 3384 1537 3438 hac
1557 3383 1789 3458 periodo
1814 3385 2150 3454 floruerunt,

273 3531 285 3555 ¹
318 3532 474 3584 Agebat
500 3536 600 3571 tune
629 3530 713 3571 Rex
739 3529 882 3571 Galliae
909 3534 959 3570 ut
976 3529 1167 3571 Clemens
1190 3531 1219 3571 V
1242 3531 1598 3584 praedecessorem
1624 3545 1752 3574 suum
1778 3534 2042 3576 Bonisacium
2066 3531 2154 3573 VIII

222 3598 474 3640 haereticum
500 3597 634 3640 fuisse
658 3598 906 3650 declararet,
923 3591 1017 3639 'non
1044 3598 1218 3651 quidem
1244 3605 1291 3641 ut
1318 3600 1485 3653 Papam,
1517 3601 1590 3643 sed
1615 3606 1663 3642 ut
1687 3602 1898 3643 doctorem
1919 3600 2156 3653 privatum.
