2320 4010
787 175 913 222 PARS
943 173 1183 221 SECUNDA.
1671 203 1674 205 -
1837 173 1925 220 459

50 278 298 352 dumque
328 271 754 350 ostendiculum,
779 279 927 352 quod
963 279 1204 335 hactenus
1228 278 1472 352 positum
1507 284 1626 334 erat
1659 295 1759 352 per
1794 281 1928 334 mul-

52 383 132 468 2⁰⁸
153 375 219 431 de
241 355 476 431 Ecclesia
503 376 559 431 in
594 376 788 432 itinere
821 374 1215 431 mandatorum
1240 375 1355 446 Dei,
1389 374 1830 432 determinantes
1862 392 1927 430 ex

56 472 296 528 textibus
319 472 535 545 glossae,
563 490 671 527 non
698 471 764 527 ad
799 471 1050 544 regulam
1079 471 1451 544 evangelicam
1476 478 1528 528 et
1553 472 1817 528 aet‘ernam
1842 488 1930 526 ae-

52 568 247 641 eeptiS‚
274 567 468 642 Papam
507 585 616 622 non
657 584 779 623 esse
818 567 1131 639 subjectum
1171 567 1416 639 generali
1458 567 1713 636 coneilio,
1742 584 1926 639 neque

47 664 283 737 judicari
310 682 469 740 posse
493 682 591 739 per
614 664 797 737 ipsum
827 685 837 716 :
868 663 1013 735 quod
1053 670 1316 735 praeterea
1340 664 1598 735 gencrale
1622 663 1927 720 concilium

54 768 230 817 totum
258 761 462 836 abipso
486 761 660 816 robur
683 759 1001 815 immediate
1026 760 1278 814 sumebat.
1303 781 1313 812 :
1338 777 1437 814 nee
1462 766 1678 833 poterat
1697 761 1816 816 sine
1840 778 1926 828 ee,

49 875 182 911 casu
209 874 579 928 quocumque,
607 856 688 911 vet
728 854 1015 910 convocari
1045 855 1126 909 vel
1153 855 1395 910 stabiliri
1426 876 1436 907 :
1471 856 1619 926 quod
1647 872 1810 909 nemo
1836 874 1931 928 po-

61 957 198 1006 terat
225 952 272 1006 ci
300 951 479 1006 dicere
504 971 514 1002 :
545 950 652 1005 Cur
679 950 755 1005 ita
779 948 1026 1004 facis?...
1057 950 1285 1023 Scripsit
1311 967 1479 1023 super
1502 951 1602 1004 hoe
1633 968 1821 1006 errore
1843 952 1929 1006 vel

54 1045 308 1100 scandalo
348 1044 840 1100 reverendissimus
885 1045 1042 1098 Pater
1075 1044 1133 1098 D.
1169 1044 1466 1100 cardinalis
1515 1045 1927 1102 Cameracensis

58 1150 360 1216 praeceptor
385 1161 542 1198 meus
566 1143 800 1213 dudum,
828 1148 879 1197 et
915 1161 1094 1215 nuper
1119 1150 1414 1215 antequam
1444 1142 1598 1198 tieret
1643 1145 1758 1198 haee
1799 1161 1928 1198 eon·

57 1239 267 1294 stitutio
297 1262 323 1290 »
353 1240 556 1302 (Sermo
602 1259 756 1314 snper
787 1243 1204 1312 processionibus
1231 1259 1327 1314 pro
1354 1242 1518 1311 viayio
1560 1244 1696 1312 reglis
1748 1240 1932 1295 Roma-

60 1354 261 1403 norum,
286 1341 435 1409 parte
463 1336 754 1410 13Opem1n
780 1337 846 1392 ab
866 1338 1029 1393 Ellies
1048 1338 1220 1410 Dupin
1246 1337 1670 1410 dispositorum,
1700 1337 1931 1406 tomoll,

67 1448 191 1501 past.
221 1430 349 1500 270,
379 1430 508 1487 edit.
534 1432 871 1505 Antucrpiae,
901 1434 1090 1501 1706).
1119 1434 1340 1488 Fatente
1359 1432 1646 1502 Gersonio,
1675 1433 1924 1487 haetenus

56 1528 314 1584 doctrina
355 1529 626 1583 contraria
657 1536 919 1602 tanquam
947 1530 1175 1584 omnino
1212 1536 1359 1585 certa
1399 1529 1600 1584 tradita
1636 1528 1818 1584 fuerat
1839 1549 1936 1601 per

64 1625 269 1679 multos,
294 1624 345 1678 Si
366 1631 510 1678 recte
535 1625 684 1696 loqui
710 1643 880 1680 ausus
907 1633 1073 1695 esset,
1100 1644 1208 1681 non
1236 1626 1460 1680 dixisset
1482 1644 1580 1697 per
1600 1626 1812 1695 mustea,
1839 1626 1934 1681 sed

55 1720 117 1772 ab
152 1720 400 1773 omnibus.
452 1719 684 1773 Unicum
724 1708 871 1773 enim
909 1720 1033 1774 novi
1071 1720 1274 1775 erroris
1306 1720 1478 1774 citare
1524 1726 1704 1792 potest
1743 1727 1926 1793 patro-

62 1833 220 1882 num,
247 1814 491 1869 x·i(lelieet
526 1815 851 1886 magistrum
876 1835 1041 1880 suum
1076 1817 1297 1872 Petrum
1325 1816 1390 1870 de
1413 1816 1639 1871 Alliaeo.

127 1910 249 1964 thl.
295 1911 615 1964 Tsss‘rmomnn
652 1931 938 1966 rnouoroms
979 1916 1306 1968 comitiorum
1353 1916 1476 1970 cleri
1507 1915 1765 1971 Gallicani
1808 1918 1930 1970 (ιηηὶ

53 2005 293 2060 1682—
305 2006 362 2059 In
386 2005 548 2061 dietis
561 2008 801 2062 comitiis
812 2016 1183 2081 promotorem
1199 2010 1628 2082 egitJansenista
1643 2012 1927 2085 Coquelin,

59 2101 249 2157 doctor
276 2103 632 2173 Sorbonieus,
668 2104 917 2160 Ecclesiae
953 2111 1002 2160 et
1039 2106 1419 2163 Universitatis
1449 2109 1774 2167 Parisiensis
1805 2128 1932 2165 ean-

56 2198 338 2266 cellarius,
366 2217 575 2253 necnon
596 2202 843 2272 ejusdem
868 2202 1119 2256 Ecclesiae
1136 2203 1463 2258 Parisiensis
1493 2206 1935 2261 ca110niCUS.Re-

69 2294 167 2347 t'crt
211 2294 257 2346 is
305 2295 703 2366 supracitatum
742 2298 987 2350 Gersonii
1034 2299 1240 2371 locum,
1285 2300 1342 2354 in
1390 2320 1501 2372 quo
1547 2304 1815 2358 asseritur
1862 2304 1935 2358 ita

73 2388 376 2443 inauditam
405 2389 570 2444 fuisse
606 2397 731 2446 ante
764 2392 1088 2448 Constantize
1113 2396 1414 2451 concilium
1443 2398 1508 2451 de
1532 2399 1765 2453 Romani
1799 2400 1935 2454 Pon-

66 2483 225 2539 titieis
252 2484 580 2540 saltibilitate
607 2487 936 2558 doctrinam,
970 2496 1030 2544 ut
1056 2490 1151 2561 qui
1179 2509 1298 2545 eam
1329 2486 1575 2546 asserere
1599 2511 1768 2548 ausus
1798 2493 1934 2548 iuis-

63 2587 164 2648 set,
205 2582 267 2635 (Ie
302 2582 540 2637 haeretica
579 2586 840 2654 pravitate
883 2595 1089 2639 notatus
1122 2588 1305 2657 suisset
1335 2589 1416 2642 vel
1449 2590 1744 2644 (terminatus.
1782 2590 1934 2653 Quod

64 2677 288 2747 quidem
321 2679 567 2733 Gersonii
596 2680 806 2736 dictum
843 2701 949 2737 non
977 2684 1222 2739 confutat
1249 2686 1533 2757 Coquelin,
1568 2687 1661 2742 sed
1692 2706 1721 2742 e
1747 2693 1932 2743 eontra

0 2804 1 2854 }
67 2772 416 2829 verissimum
457 2794 774 2849 supponens
801 2796 861 2832 ae
888 2779 1122 2834 laudans
1148 2779 1371 2835 adducit
1401 2781 1455 2835 in
1488 2783 1634 2837 hune
1667 2784 1894 2839 modum
1920 2808 1930 2839 :

138 2889 166 2917 «
209 2869 248 2922 ll
291 2878 547 2942 rapporte
586 2872 802 2928 ensuite
844 2873 1086 2945 (Gerson)
1134 2875 1212 2930 les
1261 2880 1419 2932 exces
1465 2885 1832 2952 surprenants
1873 2880 1939 2934 de

68 2965 208 3046 cette
232 2962 489 3028 flatterie3
520 2971 593 3033 et,
632 2970 791 3040 apres
821 2968 900 3024 les
929 2970 1079 3024 avoir
1108 2975 1415 3045 rapportes‚
1450 2972 1488 3026 il
1531 2979 1696 3042 traee,
1734 2991 1832 3044 par
1861 2991 1939 3026 un

66 3054 218 3125 juste
255 3055 681 3128 discernement‚
712 3057 791 3117 ies
824 3071 1009 3119 routes
1038 3066 1104 3120 de
1130 3067 1182 3120 la
1207 3068 1326 3122 voie
1354 3068 1536 3138 royale
1562 3085 1668 3136 que
1694 3066 1746 3119 la
1770 3066 1941 3121 verite

84 3169 312 3223 marque
342 3157 455 3207 etre
490 3161 642 3210 entre
688 3175 777 3212 ces
813 3160 957 3215 deux
988 3163 1333 3227 extremites3
1369 3163 1772 3218 discernement
1802 3163 1940 3234 qu'il

68 3246 149 3300 dit
191 3246 341 3301 avoir
366 3238 463 3302 'ete
506 3250 655 3320 regle
691 3271 790 3324 par
816 3254 867 3308 la
905 3255 1147 3308 decision
1176 3257 1260 3338 du·
1284 3257 1426 3310 saint
1465 3259 1673 3313 concile
1709 3259 1775 3314 de
1807 3259 1940 3314 Con-

70 3352 274 3399 stance.
300 3346 357 3399 Et
389 3346 423 3399 il
464 3346 644 3418 ajoute
670 3367 776 3420 que
813 3351 862 3405 la
902 3352 1220 3423 lii-cvention
1257 3354 1388 3407 etait
1416 3355 1458 3408 si
1484 3356 1688 3426 grande
1713 3375 1779 3412 en
1805 3364 1961 3414 cette⁴

73 3443 322 3510 matiere,
356 3446 556 3517 qu’elle
595 3447 772 3502 s’etait
807 3448 1086 3504 tellement
1119 3453 1400 3523 emparee,
1434 3470 1545 3507 non
1571 3471 1668 3527 pas
1697 3461 1818 3511 tant
1847 3457 1941 3511 des

67 3557 199 3609 gens
232 3542 297 3597 de
334 3542 519 3597 letti-vs·
555 3562 661 3614 que
690 3544 788 3598 des
819 3544 1003 3599 lettres
1023 3553 1072 3600 et
1100 3546 1194 3601 (les
1217 3548 1382 3603 (tei-its
1410 3553 1609 3620 meme,
1639 3569 1769 3623 que,
1789 3561 1943 3609 avant
