<?xml version="1.0" encoding="UTF-8"?>
<!DOCTYPE html PUBLIC "-//W3C//DTD XHTML 1.0 Transitional//EN"
    "http://www.w3.org/TR/xhtml1/DTD/xhtml1-transitional.dtd">
<html xmlns="http://www.w3.org/1999/xhtml" xml:lang="en" lang="en">
 <head>
  <title>
</title>
<meta http-equiv="Content-Type" content="text/html;charset=utf-8" />
  <meta name='ocr-system' content='tesseract 3.04.00' />
  <meta name='ocr-capabilities' content='ocr_page ocr_carea ocr_par ocr_line ocrx_word'/>
</head>
<body>
  <div class='ocr_page' id='page_1' title='image "a548470101bouiuoft_0369.png"; bbox 0 0 2320 4010; ppageno 0'>
   <div class='ocr_carea' id='block_1_1' title="bbox 1888 40 1901 68">
    <p class='ocr_par' dir='ltr' id='par_1_1' title="bbox 1888 40 1901 68">
     <span class='ocr_line' id='line_1_1' title="bbox 1888 40 1901 68; baseline 0 0"><span class='ocrx_word' id='word_1_1' title='bbox 1888 40 1901 68; x_wconf 68' lang='lat' dir='ltr'>l</span> 
     </span>
    </p>
   </div>
   <div class='ocr_carea' id='block_1_2' title="bbox 822 187 1959 263">
    <p class='ocr_par' dir='ltr' id='par_1_2' title="bbox 822 187 1959 263">
     <span class='ocr_line' id='line_1_2' title="bbox 822 187 1959 263; baseline -0.005 -24"><span class='ocrx_word' id='word_1_2' title='bbox 822 192 948 239; x_wconf 80' lang='lat' dir='ltr'><strong>PARS</strong></span> <span class='ocrx_word' id='word_1_3' title='bbox 978 191 1218 263; x_wconf 73' lang='lat' dir='ltr'>SECUNDA.</span> <span class='ocrx_word' id='word_1_4' title='bbox 1874 187 1959 234; x_wconf 79' lang='lat'><strong><em>559</em></strong></span> 
     </span>
    </p>
   </div>
   <div class='ocr_carea' id='block_1_3' title="bbox 91 292 1966 469">
    <p class='ocr_par' dir='ltr' id='par_1_3' title="bbox 91 292 1966 469">
     <span class='ocr_line' id='line_1_3' title="bbox 91 292 1964 372; baseline -0.004 -17"><span class='ocrx_word' id='word_1_5' title='bbox 91 321 118 355; x_wconf 77' lang='grc' dir='ltr'><strong><em>α</em></strong></span> <span class='ocrx_word' id='word_1_6' title='bbox 150 298 446 355; x_wconf 81' lang='lat' dir='ltr'><strong><em>infidelitas</em></strong></span> <span class='ocrx_word' id='word_1_7' title='bbox 485 298 835 372; x_wconf 83' lang='lat' dir='ltr'><strong>conquiescat</strong></span> <span class='ocrx_word' id='word_1_8' title='bbox 866 319 877 352; x_wconf 75' lang='grc' dir='ltr'>ε</span> <span class='ocrx_word' id='word_1_9' title='bbox 917 298 1025 359; x_wconf 90' lang='lat' dir='ltr'><strong><em>Nec</em></strong></span> <span class='ocrx_word' id='word_1_10' title='bbox 1063 299 1217 356; x_wconf 85' lang='lat' dir='ltr'><strong><em>liceat</em></strong></span> <span class='ocrx_word' id='word_1_11' title='bbox 1264 295 1496 368; x_wconf 82' lang='lat' dir='ltr'><strong><em>defendi,</em></strong></span> <span class='ocrx_word' id='word_1_12' title='bbox 1537 293 1672 369; x_wconf 81' lang='lat' dir='ltr'><strong><em>quod</em></strong></span> <span class='ocrx_word' id='word_1_13' title='bbox 1701 310 1809 350; x_wconf 82' lang='lat' dir='ltr'><strong><em>uon</em></strong></span> <span class='ocrx_word' id='word_1_14' title='bbox 1843 292 1964 350; x_wconf 83' lang='lat' dir='ltr'><strong><em>licet</em></strong></span> 
     </span>
     <span class='ocr_line' id='line_1_4' title="bbox 95 382 1966 469; baseline -0.003 -20"><span class='ocrx_word' id='word_1_15' title='bbox 95 418 121 449; x_wconf 92' lang='lat'>«</span> <span class='ocrx_word' id='word_1_16' title='bbox 151 396 313 459; x_wconf 74' lang='lat' dir='ltr'><strong><em>cretli,·</em></strong></span> <span class='ocrx_word' id='word_1_17' title='bbox 363 412 543 452; x_wconf 82' lang='lat' dir='ltr'><strong><em>cum...</em></strong></span> <span class='ocrx_word' id='word_1_18' title='bbox 582 396 878 469; x_wconf 75' lang='lat' dir='ltr'><strong><em>plenissime</em></strong></span> <span class='ocrx_word' id='word_1_19' title='bbox 918 403 965 452; x_wconf 86' lang='lat' dir='ltr'><strong><em>et</em></strong></span> <span class='ocrx_word' id='word_1_20' title='bbox 1003 382 1315 451; x_wconf 80' lang='lat' dir='ltr'><strong><em>lucidissime</em></strong></span> <span class='ocrx_word' id='word_1_21' title='bbox 1349 410 1447 467; x_wconf 90' lang='lat' dir='ltr'><strong><em>per</em></strong></span> <span class='ocrx_word' id='word_1_22' title='bbox 1483 392 1709 460; x_wconf 87' lang='lat' dir='ltr'><strong><em>litteras,</em></strong></span> <span class='ocrx_word' id='word_1_23' title='bbox 1738 406 1866 463; x_wconf 84' lang='lat' dir='ltr'><strong><em>quas</em></strong></span> <span class='ocrx_word' id='word_1_24' title='bbox 1896 389 1966 444; x_wconf 83' lang='lat' dir='ltr'><strong><em>ad</em></strong></span> 
     </span>
    </p>
   </div>
   <div class='ocr_carea' id='block_1_4' title="bbox 97 485 1971 663">
    <p class='ocr_par' dir='ltr' id='par_1_4' title="bbox 97 485 1971 663">
     <span class='ocr_line' id='line_1_5' title="bbox 97 485 1968 566; baseline -0.002 -21"><span class='ocrx_word' id='word_1_25' title='bbox 97 516 123 546; x_wconf 93' lang='lat'>«</span> <span class='ocrx_word' id='word_1_26' title='bbox 151 495 314 549; x_wconf 70' lang='lat' dir='ltr'><strong><em>beatae</em></strong></span> <span class='ocrx_word' id='word_1_27' title='bbox 337 495 600 550; x_wconf 82' lang='lat' dir='ltr'><strong><em>memoriae</em></strong></span> <span class='ocrx_word' id='word_1_28' title='bbox 624 491 934 549; x_wconf 84' lang='lat' dir='ltr'><strong><em>Flavianum</em></strong></span> <span class='ocrx_word' id='word_1_29' title='bbox 969 492 1280 566; x_wconf 78' lang='lat' dir='ltr'><strong><em>Episcopum</em></strong></span> <span class='ocrx_word' id='word_1_30' title='bbox 1307 491 1562 559; x_wconf 86' lang='lat' dir='ltr'><strong><em>misimus,</em></strong></span> <span class='ocrx_word' id='word_1_31' title='bbox 1604 486 1765 558; x_wconf 83' lang='lat' dir='ltr'><strong><em>fuerit</em></strong></span> <span class='ocrx_word' id='word_1_32' title='bbox 1796 485 1968 543; x_wconf 82' lang='lat' dir='ltr'><strong><em>decla-</em></strong></span> 
     </span>
     <span class='ocr_line' id='line_1_6' title="bbox 97 582 1971 663; baseline -0.001 -20"><span class='ocrx_word' id='word_1_33' title='bbox 97 612 123 643; x_wconf 87' lang='lat'>«</span> <span class='ocrx_word' id='word_1_34' title='bbox 151 598 343 660; x_wconf 83' lang='lat' dir='ltr'><strong><em>ratum,</em></strong></span> <span class='ocrx_word' id='word_1_35' title='bbox 374 607 487 663; x_wconf 68' lang='lat' dir='ltr'><strong><em>quae</em></strong></span> <span class='ocrx_word' id='word_1_36' title='bbox 514 591 581 646; x_wconf 81' lang='lat' dir='ltr'><strong><em>sit</em></strong></span> <span class='ocrx_word' id='word_1_37' title='bbox 616 589 685 644; x_wconf 87' lang='lat' dir='ltr'><strong><em>de</em></strong></span> <span class='ocrx_word' id='word_1_38' title='bbox 725 594 1071 645; x_wconf 89' lang='lat' dir='ltr'><strong><em>sacramento</em></strong></span> <span class='ocrx_word' id='word_1_39' title='bbox 1113 585 1514 643; x_wconf 80' lang='lat' dir='ltr'><strong><em>incarnationis</em></strong></span> <span class='ocrx_word' id='word_1_40' title='bbox 1541 583 1760 642; x_wconf 87' lang='lat' dir='ltr'><strong><em>Domini</em></strong></span> <span class='ocrx_word' id='word_1_41' title='bbox 1793 582 1971 642; x_wconf 79' lang='lat' dir='ltr'><strong><em>nostri</em></strong></span> 
     </span>
    </p>
   </div>
   <div class='ocr_carea' id='block_1_5' title="bbox 98 684 2025 852">
    <p class='ocr_par' dir='ltr' id='par_1_5' title="bbox 98 684 2025 852">
     <span class='ocr_line' id='line_1_7' title="bbox 98 684 2025 767; baseline -0.004 -29"><span class='ocrx_word' id='word_1_42' title='bbox 98 708 124 738; x_wconf 93' lang='lat'>«</span> <span class='ocrx_word' id='word_1_43' title='bbox 150 686 279 742; x_wconf 89' lang='lat' dir='ltr'><strong><em>Jesu</em></strong></span> <span class='ocrx_word' id='word_1_44' title='bbox 309 684 510 742; x_wconf 85' lang='lat' dir='ltr'><strong><em>Christi</em></strong></span> <span class='ocrx_word' id='word_1_45' title='bbox 542 684 632 759; x_wconf 91' lang='lat' dir='ltr'><strong><em>pia</em></strong></span> <span class='ocrx_word' id='word_1_46' title='bbox 660 689 715 741; x_wconf 88' lang='lat' dir='ltr'><strong><em>et</em></strong></span> <span class='ocrx_word' id='word_1_47' title='bbox 738 686 942 740; x_wconf 80' lang='lat' dir='ltr'><strong><em>sincera</em></strong></span> <span class='ocrx_word' id='word_1_48' title='bbox 969 684 1246 755; x_wconf 79' lang='lat' dir='ltr'><strong><em>consessio.</em></strong></span> <span class='ocrx_word' id='word_1_49' title='bbox 1279 703 1306 735; x_wconf 92' lang='lat'>»</span> <span class='ocrx_word' id='word_1_50' title='bbox 2024 764 2025 767; x_wconf 7' lang='grc' dir='ltr'><strong>Ἴ</strong></span> 
     </span>
     <span class='ocr_line' id='line_1_8' title="bbox 167 776 1975 852; baseline 0 -17"><span class='ocrx_word' id='word_1_51' title='bbox 167 780 286 835; x_wconf 88' lang='lat' dir='ltr'><strong><em>Jam</em></strong></span> <span class='ocrx_word' id='word_1_52' title='bbox 316 783 496 847; x_wconf 89' lang='lat' dir='ltr'><strong><em>antea,</em></strong></span> <span class='ocrx_word' id='word_1_53' title='bbox 526 778 583 832; x_wconf 92' lang='lat' dir='ltr'><strong><em>in</em></strong></span> <span class='ocrx_word' id='word_1_54' title='bbox 619 778 847 852; x_wconf 88' lang='lat' dir='ltr'><strong><em>epistola</em></strong></span> <span class='ocrx_word' id='word_1_55' title='bbox 875 778 942 834; x_wconf 92' lang='lat' dir='ltr'><strong><em>ad</em></strong></span> <span class='ocrx_word' id='word_1_56' title='bbox 972 777 1128 832; x_wconf 88' lang='lat' dir='ltr'><strong><em>illam</em></strong></span> <span class='ocrx_word' id='word_1_57' title='bbox 1154 777 1488 851; x_wconf 90' lang='lat' dir='ltr'><strong><em>Ephesinam</em></strong></span> <span class='ocrx_word' id='word_1_58' title='bbox 1526 776 1824 852; x_wconf 75' lang='lat' dir='ltr'><strong><em>synodum,</em></strong></span> <span class='ocrx_word' id='word_1_59' title='bbox 1851 795 1975 851; x_wconf 85' lang='lat' dir='ltr'><strong><em>quae</em></strong></span> 
     </span>
    </p>
   </div>
   <div class='ocr_carea' id='block_1_6' title="bbox 93 873 1984 3660">
    <p class='ocr_par' dir='ltr' id='par_1_6' title="bbox 93 873 1984 1826">
     <span class='ocr_line' id='line_1_9' title="bbox 93 873 1968 952; baseline -0.002 -20"><span class='ocrx_word' id='word_1_60' title='bbox 93 875 445 952; x_wconf 90' lang='lat' dir='ltr'><strong><em>postmodum</em></strong></span> <span class='ocrx_word' id='word_1_61' title='bbox 476 874 535 929; x_wconf 91' lang='lat' dir='ltr'><strong><em>in</em></strong></span> <span class='ocrx_word' id='word_1_62' title='bbox 566 875 921 932; x_wconf 82' lang='lat' dir='ltr'><strong><em>latrocinium</em></strong></span> <span class='ocrx_word' id='word_1_63' title='bbox 954 892 1109 931; x_wconf 85' lang='lat' dir='ltr'><strong><em>versa</em></strong></span> <span class='ocrx_word' id='word_1_64' title='bbox 1148 879 1252 944; x_wconf 88' lang='lat' dir='ltr'><strong><em>est,</em></strong></span> <span class='ocrx_word' id='word_1_65' title='bbox 1295 873 1368 929; x_wconf 90' lang='lat' dir='ltr'><strong><em>ita</em></strong></span> <span class='ocrx_word' id='word_1_66' title='bbox 1399 874 1698 948; x_wconf 85' lang='lat' dir='ltr'><strong><em>scripserat</em></strong></span> <span class='ocrx_word' id='word_1_67' title='bbox 1733 874 1787 930; x_wconf 92' lang='lat' dir='ltr'><strong><em>S.</em></strong></span> <span class='ocrx_word' id='word_1_68' title='bbox 1823 874 1924 932; x_wconf 92' lang='lat' dir='ltr'><strong><em>Leo</em></strong></span> <span class='ocrx_word' id='word_1_69' title='bbox 1958 897 1968 928; x_wconf 94' lang='lat'>:</span> 
     </span>
     <span class='ocr_line' id='line_1_10' title="bbox 97 971 1976 1047; baseline 0.001 -20"><span class='ocrx_word' id='word_1_70' title='bbox 97 994 124 1027; x_wconf 92' lang='lat'>«</span> <span class='ocrx_word' id='word_1_71' title='bbox 153 975 351 1030; x_wconf 86' lang='lat' dir='ltr'><strong><em>Verum</em></strong></span> <span class='ocrx_word' id='word_1_72' title='bbox 399 973 600 1047; x_wconf 84' lang='lat' dir='ltr'><strong><em>quia...</em></strong></span> <span class='ocrx_word' id='word_1_73' title='bbox 648 972 1154 1029; x_wconf 91' lang='lat' dir='ltr'><strong><em>christianissimus</em></strong></span> <span class='ocrx_word' id='word_1_74' title='bbox 1204 971 1511 1045; x_wconf 86' lang='lat' dir='ltr'><strong><em>imperator</em></strong></span> <span class='ocrx_word' id='word_1_75' title='bbox 1545 971 1752 1039; x_wconf 42' lang='lat' dir='ltr'><strong><em>‚haberi</em></strong></span> <span class='ocrx_word' id='word_1_76' title='bbox 1801 971 1976 1028; x_wconf 87' lang='lat' dir='ltr'><strong><em>voluit</em></strong></span> 
     </span>
     <span class='ocr_line' id='line_1_11' title="bbox 100 1065 1978 1143; baseline 0.001 -22"><span class='ocrx_word' id='word_1_77' title='bbox 100 1091 125 1122; x_wconf 94' lang='lat'>«</span> <span class='ocrx_word' id='word_1_78' title='bbox 154 1068 457 1143; x_wconf 78' lang='lat' dir='ltr'><strong><em>episcopale</em></strong></span> <span class='ocrx_word' id='word_1_79' title='bbox 493 1066 814 1138; x_wconf 82' lang='lat' dir='ltr'><strong><em>concilium,</em></strong></span> <span class='ocrx_word' id='word_1_80' title='bbox 845 1073 907 1123; x_wconf 92' lang='lat' dir='ltr'><strong><em>ut</em></strong></span> <span class='ocrx_word' id='word_1_81' title='bbox 948 1066 1196 1141; x_wconf 82' lang='lat' dir='ltr'><strong><em>pleniore</em></strong></span> <span class='ocrx_word' id='word_1_82' title='bbox 1221 1065 1433 1141; x_wconf 90' lang='lat' dir='ltr'><strong><em>judicio</em></strong></span> <span class='ocrx_word' id='word_1_83' title='bbox 1459 1066 1642 1123; x_wconf 92' lang='lat' dir='ltr'><strong><em>omnis</em></strong></span> <span class='ocrx_word' id='word_1_84' title='bbox 1684 1067 1861 1141; x_wconf 86' lang='lat' dir='ltr'><strong><em>possit</em></strong></span> <span class='ocrx_word' id='word_1_85' title='bbox 1893 1085 1978 1124; x_wconf 89' lang='lat' dir='ltr'><strong><em>er-</em></strong></span> 
     </span>
     <span class='ocr_line' id='line_1_12' title="bbox 102 1165 1976 1240; baseline 0.002 -20"><span class='ocrx_word' id='word_1_86' title='bbox 102 1190 127 1221; x_wconf 89' lang='lat'>«</span> <span class='ocrx_word' id='word_1_87' title='bbox 156 1185 249 1224; x_wconf 89' lang='lat' dir='ltr'><strong><em>ror</em></strong></span> <span class='ocrx_word' id='word_1_88' title='bbox 274 1166 498 1233; x_wconf 81' lang='lat' dir='ltr'><strong><em>aboleri3</em></strong></span> <span class='ocrx_word' id='word_1_89' title='bbox 543 1166 740 1222; x_wconf 88' lang='lat' dir='ltr'><strong><em>fratres</em></strong></span> <span class='ocrx_word' id='word_1_90' title='bbox 783 1171 999 1222; x_wconf 91' lang='lat' dir='ltr'><strong><em>nostros</em></strong></span> <span class='ocrx_word' id='word_1_91' title='bbox 1044 1165 1257 1222; x_wconf 90' lang='lat' dir='ltr'><strong><em>Julium</em></strong></span> <span class='ocrx_word' id='word_1_92' title='bbox 1297 1165 1654 1240; x_wconf 80' lang='lat' dir='ltr'><strong><em>Episcopum,</em></strong></span> <span class='ocrx_word' id='word_1_93' title='bbox 1702 1166 1976 1223; x_wconf 92' lang='lat' dir='ltr'><strong><em>Renatum</em></strong></span> 
     </span>
     <span class='ocr_line' id='line_1_13' title="bbox 106 1263 1980 1336; baseline 0.002 -20"><span class='ocrx_word' id='word_1_94' title='bbox 106 1286 132 1316; x_wconf 95' lang='lat'>«</span> <span class='ocrx_word' id='word_1_95' title='bbox 160 1265 535 1336; x_wconf 82' lang='lat' dir='ltr'><strong><em>presbyterum</em></strong></span> <span class='ocrx_word' id='word_1_96' title='bbox 558 1269 705 1325; x_wconf 77' lang='lat' dir='ltr'><strong><em>et...‚</em></strong></span> <span class='ocrx_word' id='word_1_97' title='bbox 740 1263 887 1331; x_wconf 90' lang='lat' dir='ltr'><strong><em>misi;</em></strong></span> <span class='ocrx_word' id='word_1_98' title='bbox 923 1263 1020 1336; x_wconf 88' lang='lat' dir='ltr'><strong><em>qui</em></strong></span> <span class='ocrx_word' id='word_1_99' title='bbox 1044 1264 1162 1319; x_wconf 87' lang='lat' dir='ltr'><strong><em>vice</em></strong></span> <span class='ocrx_word' id='word_1_100' title='bbox 1178 1281 1300 1319; x_wconf 86' lang='lat' dir='ltr'><strong><em>mea</em></strong></span> <span class='ocrx_word' id='word_1_101' title='bbox 1330 1268 1520 1320; x_wconf 91' lang='lat' dir='ltr'><strong><em>sancto</em></strong></span> <span class='ocrx_word' id='word_1_102' title='bbox 1545 1264 1835 1320; x_wconf 86' lang='lat' dir='ltr'><strong><em>conventui</em></strong></span> <span class='ocrx_word' id='word_1_103' title='bbox 1862 1281 1980 1320; x_wconf 88' lang='lat' dir='ltr'><strong><em>ves-</em></strong></span> 
     </span>
     <span class='ocr_line' id='line_1_14' title="bbox 110 1357 1979 1428; baseline 0.002 -18"><span class='ocrx_word' id='word_1_104' title='bbox 110 1381 135 1411; x_wconf 91' lang='lat'>«</span> <span class='ocrx_word' id='word_1_105' title='bbox 169 1364 260 1413; x_wconf 81' lang='lat' dir='ltr'><strong><em>trae</em></strong></span> <span class='ocrx_word' id='word_1_106' title='bbox 286 1357 645 1413; x_wconf 80' lang='lat' dir='ltr'><strong><em>fraternitatis</em></strong></span> <span class='ocrx_word' id='word_1_107' title='bbox 675 1358 954 1428; x_wconf 84' lang='lat' dir='ltr'><strong><em>intersint,</em></strong></span> <span class='ocrx_word' id='word_1_108' title='bbox 998 1365 1050 1415; x_wconf 87' lang='lat' dir='ltr'><strong><em>et</em></strong></span> <span class='ocrx_word' id='word_1_109' title='bbox 1079 1360 1363 1415; x_wconf 90' lang='lat' dir='ltr'><strong><em>communi</em></strong></span> <span class='ocrx_word' id='word_1_110' title='bbox 1389 1359 1675 1416; x_wconf 78' lang='lat' dir='ltr'><strong><em>vobiscum</em></strong></span> <span class='ocrx_word' id='word_1_111' title='bbox 1708 1358 1979 1415; x_wconf 84' lang='lat' dir='ltr'><strong><em>sententia</em></strong></span> 
     </span>
     <span class='ocr_line' id='line_1_15' title="bbox 112 1455 1984 1531; baseline 0.002 -21"><span class='ocrx_word' id='word_1_112' title='bbox 112 1480 136 1511; x_wconf 93' lang='lat'>«</span> <span class='ocrx_word' id='word_1_113' title='bbox 167 1475 289 1530; x_wconf 85' lang='lat' dir='ltr'><strong><em>quae</em></strong></span> <span class='ocrx_word' id='word_1_114' title='bbox 328 1455 550 1511; x_wconf 90' lang='lat' dir='ltr'><strong><em>Domino</em></strong></span> <span class='ocrx_word' id='word_1_115' title='bbox 595 1456 704 1512; x_wconf 89' lang='lat' dir='ltr'><strong><em>sint</em></strong></span> <span class='ocrx_word' id='word_1_116' title='bbox 735 1458 1004 1530; x_wconf 85' lang='lat' dir='ltr'><strong><em>placitura</em></strong></span> <span class='ocrx_word' id='word_1_117' title='bbox 1046 1459 1429 1514; x_wconf 84' lang='lat' dir='ltr'><strong><em>constituant:</em></strong></span> <span class='ocrx_word' id='word_1_118' title='bbox 1477 1459 1582 1514; x_wconf 89' lang='lat' dir='ltr'><strong><em>Hoc</em></strong></span> <span class='ocrx_word' id='word_1_119' title='bbox 1627 1466 1726 1529; x_wconf 80' lang='lat' dir='ltr'><strong><em>est,</em></strong></span> <span class='ocrx_word' id='word_1_120' title='bbox 1774 1466 1831 1513; x_wconf 82' lang='lat' dir='ltr'><strong><em>ut</em></strong></span> <span class='ocrx_word' id='word_1_121' title='bbox 1869 1461 1984 1531; x_wconf 88' lang='lat' dir='ltr'><strong><em>pri·</em></strong></span> 
     </span>
     <span class='ocr_line' id='line_1_16' title="bbox 112 1553 1984 1630; baseline 0.003 -24"><span class='ocrx_word' id='word_1_122' title='bbox 112 1557 317 1610; x_wconf 75' lang='lat' dir='ltr'><strong><em>«initus</em></strong></span> <span class='ocrx_word' id='word_1_123' title='bbox 350 1553 601 1625; x_wconf 81' lang='lat' dir='ltr'><strong><em>pestifero</em></strong></span> <span class='ocrx_word' id='word_1_124' title='bbox 642 1573 820 1611; x_wconf 86' lang='lat' dir='ltr'><strong><em>errore</em></strong></span> <span class='ocrx_word' id='word_1_125' title='bbox 860 1558 1127 1626; x_wconf 78' lang='lat' dir='ltr'><strong><em>damnato,</em></strong></span> <span class='ocrx_word' id='word_1_126' title='bbox 1167 1559 1321 1612; x_wconf 83' lang='lat' dir='ltr'><strong><em>etiam</em></strong></span> <span class='ocrx_word' id='word_1_127' title='bbox 1365 1558 1428 1612; x_wconf 85' lang='lat' dir='ltr'><strong><em>de</em></strong></span> <span class='ocrx_word' id='word_1_128' title='bbox 1468 1559 1628 1630; x_wconf 86' lang='lat' dir='ltr'><strong><em>ipsius</em></strong></span> <span class='ocrx_word' id='word_1_129' title='bbox 1664 1558 1751 1628; x_wconf 80' lang='lat' dir='ltr'><strong><em>qui</em></strong></span> <span class='ocrx_word' id='word_1_130' title='bbox 1789 1558 1984 1630; x_wconf 86' lang='lat' dir='ltr'><strong><em>impru-</em></strong></span> 
     </span>
     <span class='ocr_line' id='line_1_17' title="bbox 111 1653 1982 1730; baseline 0.004 -25"><span class='ocrx_word' id='word_1_131' title='bbox 111 1654 338 1726; x_wconf 82' lang='lat' dir='ltr'><strong><em>«denter</em></strong></span> <span class='ocrx_word' id='word_1_132' title='bbox 393 1653 585 1707; x_wconf 80' lang='lat' dir='ltr'><strong><em>erravit</em></strong></span> <span class='ocrx_word' id='word_1_133' title='bbox 624 1655 952 1710; x_wconf 79' lang='lat' dir='ltr'><strong><em>restitutione</em></strong></span> <span class='ocrx_word' id='word_1_134' title='bbox 1000 1663 1299 1711; x_wconf 81' lang='lat' dir='ltr'><strong><em>tractetur»</em></strong></span> <span class='ocrx_word' id='word_1_135' title='bbox 1355 1655 1614 1730; x_wconf 86' lang='lat' dir='ltr'><strong><em>(Operum</em></strong></span> <span class='ocrx_word' id='word_1_136' title='bbox 1660 1655 1715 1711; x_wconf 89' lang='lat' dir='ltr'><strong><em>S.</em></strong></span> <span class='ocrx_word' id='word_1_137' title='bbox 1767 1655 1982 1728; x_wconf 81' lang='lat' dir='ltr'><strong><em>LeoniS‚</em></strong></span> 
     </span>
     <span class='ocr_line' id='line_1_18' title="bbox 106 1749 890 1826; baseline 0 -19"><span class='ocrx_word' id='word_1_138' title='bbox 106 1749 328 1826; x_wconf 87' lang='lat' dir='ltr'><strong><em>epistola</em></strong></span> <span class='ocrx_word' id='word_1_139' title='bbox 357 1767 527 1819; x_wconf 75' lang='lat' dir='ltr'><strong><em>xxxin,</em></strong></span> <span class='ocrx_word' id='word_1_140' title='bbox 557 1751 693 1807; x_wconf 88' lang='lat' dir='ltr'><strong><em>alias</em></strong></span> <span class='ocrx_word' id='word_1_141' title='bbox 724 1754 890 1825; x_wconf 79' lang='lat' dir='ltr'>xxlx).</span> 
     </span>
    </p>

    <p class='ocr_par' dir='ltr' id='par_1_7' title="bbox 99 1846 1984 3382">
     <span class='ocr_line' id='line_1_19' title="bbox 174 1846 1981 1924; baseline 0.003 -21"><span class='ocrx_word' id='word_1_142' title='bbox 174 1848 354 1903; x_wconf 88' lang='lat' dir='ltr'><strong><em>Palam</em></strong></span> <span class='ocrx_word' id='word_1_143' title='bbox 380 1846 590 1903; x_wconf 90' lang='lat' dir='ltr'><strong><em>faciunt</em></strong></span> <span class='ocrx_word' id='word_1_144' title='bbox 618 1849 784 1906; x_wconf 90' lang='lat' dir='ltr'><strong><em>citata</em></strong></span> <span class='ocrx_word' id='word_1_145' title='bbox 818 1850 960 1907; x_wconf 87' lang='lat' dir='ltr'><strong><em>facta</em></strong></span> <span class='ocrx_word' id='word_1_146' title='bbox 992 1856 1044 1907; x_wconf 89' lang='lat' dir='ltr'><strong><em>et</em></strong></span> <span class='ocrx_word' id='word_1_147' title='bbox 1074 1851 1238 1922; x_wconf 88' lang='lat' dir='ltr'><strong><em>dicta,</em></strong></span> <span class='ocrx_word' id='word_1_148' title='bbox 1268 1852 1402 1924; x_wconf 90' lang='lat' dir='ltr'><strong><em>quid</em></strong></span> <span class='ocrx_word' id='word_1_149' title='bbox 1435 1852 1670 1908; x_wconf 87' lang='lat' dir='ltr'><strong><em>senserit</em></strong></span> <span class='ocrx_word' id='word_1_150' title='bbox 1696 1852 1748 1908; x_wconf 89' lang='lat' dir='ltr'><strong><em>S.</em></strong></span> <span class='ocrx_word' id='word_1_151' title='bbox 1781 1853 1882 1909; x_wconf 89' lang='lat' dir='ltr'><strong><em>Leo</em></strong></span> <span class='ocrx_word' id='word_1_152' title='bbox 1913 1853 1981 1909; x_wconf 90' lang='lat' dir='ltr'><strong><em>de</em></strong></span> 
     </span>
     <span class='ocr_line' id='line_1_20' title="bbox 100 1934 1980 2024; baseline 0.003 -23"><span class='ocrx_word' id='word_1_153' title='bbox 100 1945 279 2002; x_wconf 82' lang='lat' dir='ltr'><strong><em>valore</em></strong></span> <span class='ocrx_word' id='word_1_154' title='bbox 309 1934 424 2001; x_wconf 65' lang='lat' dir='ltr'><strong><em>suae</em></strong></span> <span class='ocrx_word' id='word_1_155' title='bbox 455 1951 644 2002; x_wconf 90' lang='lat' dir='ltr'><strong><em>contra</em></strong></span> <span class='ocrx_word' id='word_1_156' title='bbox 671 1947 1040 2024; x_wconf 81' lang='lat' dir='ltr'><strong><em>Eutychianos</em></strong></span> <span class='ocrx_word' id='word_1_157' title='bbox 1075 1965 1288 2004; x_wconf 90' lang='lat' dir='ltr'><strong><em>errores</em></strong></span> <span class='ocrx_word' id='word_1_158' title='bbox 1331 1948 1637 2017; x_wconf 73' lang='lat' dir='ltr'><strong><em>sententiae,</em></strong></span> <span class='ocrx_word' id='word_1_159' title='bbox 1681 1955 1980 2023; x_wconf 86' lang='lat' dir='ltr'><strong><em>antequam</em></strong></span> 
     </span>
     <span class='ocr_line' id='line_1_21' title="bbox 101 2043 1982 2121; baseline 0.003 -23"><span class='ocrx_word' id='word_1_160' title='bbox 101 2043 150 2098; x_wconf 92' lang='lat' dir='ltr'><strong><em>ei</em></strong></span> <span class='ocrx_word' id='word_1_161' title='bbox 188 2059 475 2099; x_wconf 86' lang='lat' dir='ltr'><strong><em>assensum</em></strong></span> <span class='ocrx_word' id='word_1_162' title='bbox 508 2045 830 2116; x_wconf 73' lang='lat' dir='ltr'><strong><em>praebuisset</em></strong></span> <span class='ocrx_word' id='word_1_163' title='bbox 863 2044 1199 2100; x_wconf 87' lang='lat' dir='ltr'><strong><em>oecumenica</em></strong></span> <span class='ocrx_word' id='word_1_164' title='bbox 1238 2044 1501 2118; x_wconf 83' lang='lat' dir='ltr'><strong><em>synodus.</em></strong></span> <span class='ocrx_word' id='word_1_165' title='bbox 1543 2046 1750 2102; x_wconf 88' lang='lat' dir='ltr'><strong><em>Habuit</em></strong></span> <span class='ocrx_word' id='word_1_166' title='bbox 1781 2065 1982 2121; x_wconf 87' lang='lat' dir='ltr'><strong><em>nempe</em></strong></span> 
     </span>
     <span class='ocr_line' id='line_1_22' title="bbox 99 2139 1982 2217; baseline 0.002 -22"><span class='ocrx_word' id='word_1_167' title='bbox 99 2139 368 2213; x_wconf 90' lang='lat' dir='ltr'><strong><em>judicium</em></strong></span> <span class='ocrx_word' id='word_1_168' title='bbox 414 2139 562 2196; x_wconf 90' lang='lat' dir='ltr'><strong><em>istud</em></strong></span> <span class='ocrx_word' id='word_1_169' title='bbox 595 2158 624 2195; x_wconf 93' lang='lat' dir='ltr'><strong><em>a</em></strong></span> <span class='ocrx_word' id='word_1_170' title='bbox 653 2159 709 2197; x_wconf 90' lang='lat' dir='ltr'><strong><em>se</em></strong></span> <span class='ocrx_word' id='word_1_171' title='bbox 743 2141 1167 2216; x_wconf 87' lang='lat' dir='ltr'><strong><em>pronuntiatum</em></strong></span> <span class='ocrx_word' id='word_1_172' title='bbox 1215 2148 1482 2215; x_wconf 88' lang='lat' dir='ltr'><strong><em>tanquam</em></strong></span> <span class='ocrx_word' id='word_1_173' title='bbox 1517 2143 1743 2199; x_wconf 89' lang='lat' dir='ltr'><strong><em>omnino</em></strong></span> <span class='ocrx_word' id='word_1_174' title='bbox 1775 2143 1982 2217; x_wconf 85' lang='lat' dir='ltr'><strong><em>obliga-</em></strong></span> 
     </span>
     <span class='ocr_line' id='line_1_23' title="bbox 109 2232 1981 2314; baseline 0.002 -22"><span class='ocrx_word' id='word_1_175' title='bbox 109 2237 307 2292; x_wconf 88' lang='lat' dir='ltr'><strong><em>torium</em></strong></span> <span class='ocrx_word' id='word_1_176' title='bbox 348 2243 401 2294; x_wconf 92' lang='lat' dir='ltr'><strong><em>et</em></strong></span> <span class='ocrx_word' id='word_1_177' title='bbox 436 2238 861 2295; x_wconf 84' lang='lat' dir='ltr'><strong><em>irreformabile.</em></strong></span> <span class='ocrx_word' id='word_1_178' title='bbox 903 2239 1030 2296; x_wconf 82' lang='lat' dir='ltr'><strong><em>Cum</em></strong></span> <span class='ocrx_word' id='word_1_179' title='bbox 1063 2258 1160 2312; x_wconf 86' lang='lat' dir='ltr'><strong><em>per</em></strong></span> <span class='ocrx_word' id='word_1_180' title='bbox 1201 2240 1430 2310; x_wconf 81' lang='lat' dir='ltr'><strong><em>litteras,</em></strong></span> <span class='ocrx_word' id='word_1_181' title='bbox 1476 2240 1679 2314; x_wconf 84' lang='lat' dir='ltr'><strong><em>inquit,</em></strong></span> <span class='ocrx_word' id='word_1_182' title='bbox 1738 2259 1865 2314; x_wconf 83' lang='lat' dir='ltr'><strong><em>quas</em></strong></span> <span class='ocrx_word' id='word_1_183' title='bbox 1914 2232 1981 2296; x_wconf 69' lang='grc' dir='ltr'><strong><em>ἀεὶ</em></strong></span> 
     </span>
     <span class='ocr_line' id='line_1_24' title="bbox 102 2335 1981 2412; baseline 0.002 -21"><span class='ocrx_word' id='word_1_184' title='bbox 102 2335 409 2392; x_wconf 78' lang='lat' dir='ltr'><strong><em>‘Flavianum</em></strong></span> <span class='ocrx_word' id='word_1_185' title='bbox 451 2341 704 2410; x_wconf 76' lang='lat' dir='ltr'><strong><em>misimuS,</em></strong></span> <span class='ocrx_word' id='word_1_186' title='bbox 740 2340 1040 2411; x_wconf 80' lang='lat' dir='ltr'><strong><em>plenissime</em></strong></span> <span class='ocrx_word' id='word_1_187' title='bbox 1087 2341 1247 2412; x_wconf 76' lang='lat' dir='ltr'><strong><em>fuerit</em></strong></span> <span class='ocrx_word' id='word_1_188' title='bbox 1293 2340 1618 2395; x_wconf 80' lang='lat' dir='ltr'><strong><em>declaratum</em></strong></span> <span class='ocrx_word' id='word_1_189' title='bbox 1655 2359 1770 2412; x_wconf 80' lang='lat' dir='ltr'><strong><em>quae</em></strong></span> <span class='ocrx_word' id='word_1_190' title='bbox 1814 2342 1885 2395; x_wconf 89' lang='lat' dir='ltr'><strong><em>sit</em></strong></span> <span class='ocrx_word' id='word_1_191' title='bbox 1918 2341 1981 2394; x_wconf 81' lang='lat' dir='ltr'><strong><em>de</em></strong></span> 
     </span>
     <span class='ocr_line' id='line_1_25' title="bbox 112 2438 1980 2510; baseline 0.001 -21"><span class='ocrx_word' id='word_1_192' title='bbox 112 2443 426 2490; x_wconf 82' lang='lat' dir='ltr'><strong><em>sacramento</em></strong></span> <span class='ocrx_word' id='word_1_193' title='bbox 465 2438 833 2492; x_wconf 74' lang='lat' dir='ltr'><strong><em>incarnationis</em></strong></span> <span class='ocrx_word' id='word_1_194' title='bbox 870 2439 1070 2492; x_wconf 81' lang='lat' dir='ltr'><strong><em>sincera</em></strong></span> <span class='ocrx_word' id='word_1_195' title='bbox 1106 2439 1384 2509; x_wconf 78' lang='lat' dir='ltr'><strong><em>confessio,</em></strong></span> <span class='ocrx_word' id='word_1_196' title='bbox 1409 2440 1599 2510; x_wconf 75' lang='lat' dir='ltr'><strong><em>rejecta</em></strong></span> <span class='ocrx_word' id='word_1_197' title='bbox 1630 2441 1843 2510; x_wconf 80' lang='lat' dir='ltr'><strong><em>penitus</em></strong></span> <span class='ocrx_word' id='word_1_198' title='bbox 1885 2455 1980 2491; x_wconf 82' lang='lat' dir='ltr'><strong><em>au-</em></strong></span> 
     </span>
     <span class='ocr_line' id='line_1_26' title="bbox 114 2534 1981 2608; baseline 0.002 -20"><span class='ocrx_word' id='word_1_199' title='bbox 114 2534 260 2589; x_wconf 85' lang='lat' dir='ltr'><strong><em>dacia</em></strong></span> <span class='ocrx_word' id='word_1_200' title='bbox 300 2535 614 2608; x_wconf 80' lang='lat' dir='ltr'><strong><em>disputandi,</em></strong></span> <span class='ocrx_word' id='word_1_201' title='bbox 647 2539 934 2591; x_wconf 78' lang='lat' dir='ltr'><strong><em>errantium</em></strong></span> <span class='ocrx_word' id='word_1_202' title='bbox 965 2536 1252 2607; x_wconf 78' lang='lat' dir='ltr'><strong><em>,infidelitas</em></strong></span> <span class='ocrx_word' id='word_1_203' title='bbox 1301 2538 1647 2607; x_wconf 79' lang='lat' dir='ltr'><strong><em>conquiescat,</em></strong></span> <span class='ocrx_word' id='word_1_204' title='bbox 1691 2554 1784 2591; x_wconf 80' lang='lat' dir='ltr'><strong><em>uec</em></strong></span> <span class='ocrx_word' id='word_1_205' title='bbox 1828 2537 1981 2591; x_wconf 86' lang='lat' dir='ltr'><strong><em>liceat</em></strong></span> 
     </span>
     <span class='ocr_line' id='line_1_27' title="bbox 112 2630 1980 2706; baseline 0.003 -21"><span class='ocrx_word' id='word_1_206' title='bbox 112 2630 315 2700; x_wconf 79' lang='lat' dir='ltr'><strong><em>defendi</em></strong></span> <span class='ocrx_word' id='word_1_207' title='bbox 350 2635 483 2706; x_wconf 82' lang='lat' dir='ltr'><strong><em>quod</em></strong></span> <span class='ocrx_word' id='word_1_208' title='bbox 513 2636 752 2690; x_wconf 75' lang='lat' dir='ltr'><strong><em>nonlicet</em></strong></span> <span class='ocrx_word' id='word_1_209' title='bbox 786 2635 942 2688; x_wconf 84' lang='lat' dir='ltr'><strong><em>credi.</em></strong></span> <span class='ocrx_word' id='word_1_210' title='bbox 993 2633 1056 2689; x_wconf 89' lang='lat' dir='ltr'><strong><em>Et</em></strong></span> <span class='ocrx_word' id='word_1_211' title='bbox 1085 2633 1143 2688; x_wconf 85' lang='lat' dir='ltr'><strong><em>fit</em></strong></span> <span class='ocrx_word' id='word_1_212' title='bbox 1187 2633 1467 2689; x_wconf 89' lang='lat' dir='ltr'><strong><em>intimatio</em></strong></span> <span class='ocrx_word' id='word_1_213' title='bbox 1511 2634 1625 2689; x_wconf 76' lang='lat' dir='ltr'><strong><em>haec</em></strong></span> <span class='ocrx_word' id='word_1_214' title='bbox 1659 2652 1687 2689; x_wconf 91' lang='lat' dir='ltr'><strong><em>a</em></strong></span> <span class='ocrx_word' id='word_1_215' title='bbox 1723 2633 1774 2688; x_wconf 87' lang='lat' dir='ltr'><strong><em>S.</em></strong></span> <span class='ocrx_word' id='word_1_216' title='bbox 1805 2634 1980 2690; x_wconf 88' lang='lat' dir='ltr'><strong><em>Leone</em></strong></span> 
     </span>
     <span class='ocr_line' id='line_1_28' title="bbox 108 2730 1979 2803; baseline 0.002 -20"><span class='ocrx_word' id='word_1_217' title='bbox 108 2730 298 2802; x_wconf 83' lang='lat' dir='ltr'><strong><em>synodi</em></strong></span> <span class='ocrx_word' id='word_1_218' title='bbox 347 2732 698 2788; x_wconf 74' lang='lat' dir='ltr'><strong><em>oecumenicte</em></strong></span> <span class='ocrx_word' id='word_1_219' title='bbox 746 2731 1019 2788; x_wconf 81' lang='lat' dir='ltr'><strong><em>Patribus,</em></strong></span> <span class='ocrx_word' id='word_1_220' title='bbox 1077 2731 1195 2787; x_wconf 89' lang='lat' dir='ltr'><strong><em>Non</em></strong></span> <span class='ocrx_word' id='word_1_221' title='bbox 1252 2749 1382 2803; x_wconf 84' lang='lat' dir='ltr'><strong><em>ergo</em></strong></span> <span class='ocrx_word' id='word_1_222' title='bbox 1438 2732 1680 2788; x_wconf 80' lang='lat' dir='ltr'><strong><em>liberum</em></strong></span> <span class='ocrx_word' id='word_1_223' title='bbox 1726 2732 1979 2788; x_wconf 88' lang='lat' dir='ltr'><strong><em>Patribus</em></strong></span> 
     </span>
     <span class='ocr_line' id='line_1_29' title="bbox 106 2827 1979 2905; baseline 0.003 -23"><span class='ocrx_word' id='word_1_224' title='bbox 106 2827 433 2885; x_wconf 81' lang='lat' dir='ltr'><strong><em>existimavit</em></strong></span> <span class='ocrx_word' id='word_1_225' title='bbox 460 2831 617 2888; x_wconf 89' lang='lat' dir='ltr'><strong><em>aliter</em></strong></span> <span class='ocrx_word' id='word_1_226' title='bbox 639 2831 912 2904; x_wconf 77' lang='lat' dir='ltr'><strong><em>judicare,</em></strong></span> <span class='ocrx_word' id='word_1_227' title='bbox 936 2835 1030 2885; x_wconf 87' lang='lat' dir='ltr'><strong><em>aut</em></strong></span> <span class='ocrx_word' id='word_1_228' title='bbox 1062 2830 1217 2886; x_wconf 89' lang='lat' dir='ltr'><strong><em>Sedis</em></strong></span> <span class='ocrx_word' id='word_1_229' title='bbox 1250 2831 1573 2905; x_wconf 81' lang='lat' dir='ltr'><strong><em>Apostolicae</em></strong></span> <span class='ocrx_word' id='word_1_230' title='bbox 1602 2831 1979 2888; x_wconf 87' lang='lat' dir='ltr'><strong><em>definitionem</em></strong></span> 
     </span>
     <span class='ocr_line' id='line_1_30' title="bbox 107 2923 1981 3000; baseline 0.002 -22"><span class='ocrx_word' id='word_1_231' title='bbox 107 2923 162 2978; x_wconf 90' lang='lat' dir='ltr'><strong><em>in</em></strong></span> <span class='ocrx_word' id='word_1_232' title='bbox 195 2926 425 2981; x_wconf 91' lang='lat' dir='ltr'><strong><em>dubium</em></strong></span> <span class='ocrx_word' id='word_1_233' title='bbox 460 2944 678 2994; x_wconf 79' lang='lat' dir='ltr'><strong><em>voeare3</em></strong></span> <span class='ocrx_word' id='word_1_234' title='bbox 725 2927 872 3000; x_wconf 91' lang='lat' dir='ltr'><strong><em>quod</em></strong></span> <span class='ocrx_word' id='word_1_235' title='bbox 901 2933 1087 2983; x_wconf 89' lang='lat' dir='ltr'><strong><em>tamen</em></strong></span> <span class='ocrx_word' id='word_1_236' title='bbox 1110 2928 1327 2983; x_wconf 89' lang='lat' dir='ltr'><strong><em>licitum</em></strong></span> <span class='ocrx_word' id='word_1_237' title='bbox 1360 2928 1579 2992; x_wconf 80' lang='lat' dir='ltr'><strong><em>fuisset,</em></strong></span> <span class='ocrx_word' id='word_1_238' title='bbox 1619 2929 1665 2984; x_wconf 89' lang='lat' dir='ltr'><strong><em>si</em></strong></span> <span class='ocrx_word' id='word_1_239' title='bbox 1696 2929 1981 2984; x_wconf 88' lang='lat' dir='ltr'><strong><em>Romanus</em></strong></span> 
     </span>
     <span class='ocr_line' id='line_1_31' title="bbox 107 3023 1976 3083; baseline -0.001 -5"><span class='ocrx_word' id='word_1_240' title='bbox 107 3023 349 3078; x_wconf 83' lang='lat' dir='ltr'><strong><em>Pontifex</em></strong></span> <span class='ocrx_word' id='word_1_241' title='bbox 382 3024 439 3077; x_wconf 88' lang='lat' dir='ltr'><strong><em>in</em></strong></span> <span class='ocrx_word' id='word_1_242' title='bbox 476 3025 818 3081; x_wconf 89' lang='lat' dir='ltr'><strong><em>decernenda</em></strong></span> <span class='ocrx_word' id='word_1_243' title='bbox 856 3027 964 3082; x_wconf 88' lang='lat' dir='ltr'><strong><em>fide</em></strong></span> <span class='ocrx_word' id='word_1_244' title='bbox 1003 3044 1115 3082; x_wconf 85' lang='lat' dir='ltr'><strong><em>non</em></strong></span> <span class='ocrx_word' id='word_1_245' title='bbox 1151 3027 1291 3083; x_wconf 91' lang='lat' dir='ltr'><strong><em>foret</em></strong></span> <span class='ocrx_word' id='word_1_246' title='bbox 1332 3027 1666 3082; x_wconf 88' lang='lat' dir='ltr'><strong><em>infallibilis.</em></strong></span> <span class='ocrx_word' id='word_1_247' title='bbox 1712 3025 1976 3079; x_wconf 88' lang='lat' dir='ltr'><strong><em>Eamdem</em></strong></span> 
     </span>
     <span class='ocr_line' id='line_1_32' title="bbox 109 3118 1979 3196; baseline 0.002 -26"><span class='ocrx_word' id='word_1_248' title='bbox 109 3118 268 3171; x_wconf 89' lang='lat' dir='ltr'><strong><em>etiam</em></strong></span> <span class='ocrx_word' id='word_1_249' title='bbox 291 3118 699 3175; x_wconf 87' lang='lat' dir='ltr'><strong><em>infallibilitatis</em></strong></span> <span class='ocrx_word' id='word_1_250' title='bbox 733 3123 1145 3194; x_wconf 71' lang='lat' dir='ltr'><strong><em>praerogativarii</em></strong></span> <span class='ocrx_word' id='word_1_251' title='bbox 1175 3124 1306 3178; x_wconf 88' lang='lat' dir='ltr'><strong><em>satis</em></strong></span> <span class='ocrx_word' id='word_1_252' title='bbox 1335 3129 1525 3196; x_wconf 86' lang='lat' dir='ltr'><strong><em>aperte</em></strong></span> <span class='ocrx_word' id='word_1_253' title='bbox 1553 3120 1815 3195; x_wconf 84' lang='lat' dir='ltr'><strong><em>exprimit</em></strong></span> <span class='ocrx_word' id='word_1_254' title='bbox 1840 3121 1979 3174; x_wconf 86' lang='lat' dir='ltr'><strong><em>Mar-</em></strong></span> 
     </span>
     <span class='ocr_line' id='line_1_33' title="bbox 113 3214 1984 3292; baseline 0.004 -24"><span class='ocrx_word' id='word_1_255' title='bbox 113 3214 323 3282; x_wconf 80' lang='lat' dir='ltr'><strong><em>cianus,</em></strong></span> <span class='ocrx_word' id='word_1_256' title='bbox 347 3215 478 3269; x_wconf 90' lang='lat' dir='ltr'><strong><em>dum</em></strong></span> <span class='ocrx_word' id='word_1_257' title='bbox 511 3217 724 3287; x_wconf 87' lang='lat' dir='ltr'><strong><em>asserit,</em></strong></span> <span class='ocrx_word' id='word_1_258' title='bbox 753 3236 782 3273; x_wconf 88' lang='lat' dir='ltr'><strong><em>a</em></strong></span> <span class='ocrx_word' id='word_1_259' title='bbox 810 3218 1054 3274; x_wconf 85' lang='lat' dir='ltr'><strong><em>Romano</em></strong></span> <span class='ocrx_word' id='word_1_260' title='bbox 1086 3219 1345 3274; x_wconf 85' lang='lat' dir='ltr'><strong><em>Pontifice</em></strong></span> <span class='ocrx_word' id='word_1_261' title='bbox 1365 3219 1626 3292; x_wconf 84' lang='lat' dir='ltr'><strong><em>possideri</em></strong></span> <span class='ocrx_word' id='word_1_262' title='bbox 1651 3219 1838 3274; x_wconf 76' lang='lat' dir='ltr'><strong><em>divinae</em></strong></span> <span class='ocrx_word' id='word_1_263' title='bbox 1862 3216 1984 3290; x_wconf 78' lang='lat' dir='ltr'><strong><em>fidei</em></strong></span> 
     </span>
     <span class='ocr_line' id='line_1_34' title="bbox 109 3311 473 3382; baseline 0.005 -20"><span class='ocrx_word' id='word_1_264' title='bbox 109 3311 473 3382; x_wconf 79' lang='lat' dir='ltr'><strong><em>principatum.</em></strong></span> 
     </span>
    </p>

    <p class='ocr_par' dir='ltr' id='par_1_8' title="bbox 116 3406 1980 3660">
     <span class='ocr_line' id='line_1_35' title="bbox 189 3406 1980 3489; baseline 0.003 -27"><span class='ocrx_word' id='word_1_265' title='bbox 189 3407 419 3478; x_wconf 82' lang='lat' dir='ltr'><strong><em>Objicies.</em></strong></span> <span class='ocrx_word' id='word_1_266' title='bbox 465 3437 530 3445; x_wconf 94' lang='lat'>—</span> <span class='ocrx_word' id='word_1_267' title='bbox 574 3406 688 3459; x_wconf 90' lang='lat' dir='ltr'><strong><em>Non</em></strong></span> <span class='ocrx_word' id='word_1_268' title='bbox 734 3406 1103 3462; x_wconf 88' lang='lat' dir='ltr'><strong><em>consensisset</em></strong></span> <span class='ocrx_word' id='word_1_269' title='bbox 1143 3407 1243 3463; x_wconf 91' lang='lat' dir='ltr'><strong><em>Leo</em></strong></span> <span class='ocrx_word' id='word_1_270' title='bbox 1285 3409 1625 3467; x_wconf 85' lang='lat' dir='ltr'><strong><em>celebrandae</em></strong></span> <span class='ocrx_word' id='word_1_271' title='bbox 1667 3411 1871 3489; x_wconf 91' lang='lat' dir='ltr'><strong><em>synodo</em></strong></span> <span class='ocrx_word' id='word_1_272' title='bbox 1913 3413 1980 3468; x_wconf 90' lang='lat' dir='ltr'><strong><em>ad</em></strong></span> 
     </span>
     <span class='ocr_line' id='line_1_36' title="bbox 116 3503 1979 3583; baseline 0.005 -25"><span class='ocrx_word' id='word_1_273' title='bbox 116 3506 253 3559; x_wconf 87' lang='lat' dir='ltr'><strong><em>hane</em></strong></span> <span class='ocrx_word' id='word_1_274' title='bbox 277 3523 498 3559; x_wconf 87' lang='lat' dir='ltr'><strong><em>causam</em></strong></span> <span class='ocrx_word' id='word_1_275' title='bbox 526 3503 919 3572; x_wconf 87' lang='lat' dir='ltr'><strong><em>dirimendam,</em></strong></span> <span class='ocrx_word' id='word_1_276' title='bbox 954 3504 999 3558; x_wconf 88' lang='lat' dir='ltr'><strong><em>si</em></strong></span> <span class='ocrx_word' id='word_1_277' title='bbox 1034 3504 1150 3576; x_wconf 84' lang='lat' dir='ltr'><strong><em>jam</em></strong></span> <span class='ocrx_word' id='word_1_278' title='bbox 1180 3525 1279 3582; x_wconf 90' lang='lat' dir='ltr'><strong><em>pro</em></strong></span> <span class='ocrx_word' id='word_1_279' title='bbox 1302 3508 1453 3564; x_wconf 87' lang='lat' dir='ltr'><strong><em>finita</em></strong></span> <span class='ocrx_word' id='word_1_280' title='bbox 1477 3527 1575 3583; x_wconf 88' lang='lat' dir='ltr'><strong><em>per</em></strong></span> <span class='ocrx_word' id='word_1_281' title='bbox 1606 3529 1768 3567; x_wconf 91' lang='lat' dir='ltr'><strong><em>suum</em></strong></span> <span class='ocrx_word' id='word_1_282' title='bbox 1801 3512 1979 3571; x_wconf 89' lang='lat' dir='ltr'><strong><em>solum</em></strong></span> 
     </span>
     <span class='ocr_line' id='line_1_37' title="bbox 117 3600 1292 3660; baseline 0.005 -6"><span class='ocrx_word' id='word_1_283' title='bbox 117 3600 395 3658; x_wconf 83' lang='lat' dir='ltr'><strong><em>decretum</em></strong></span> <span class='ocrx_word' id='word_1_284' title='bbox 437 3620 658 3657; x_wconf 83' lang='lat' dir='ltr'><strong><em>causam</em></strong></span> <span class='ocrx_word' id='word_1_285' title='bbox 695 3602 942 3657; x_wconf 89' lang='lat' dir='ltr'><strong><em>eamdem</em></strong></span> <span class='ocrx_word' id='word_1_286' title='bbox 987 3603 1292 3660; x_wconf 82' lang='lat' dir='ltr'><strong><em>habuisset.</em></strong></span> 
     </span>
    </p>
   </div>
  </div>
 </body>
</html>
