2320 4010
7 810 14 845 —

878 217 1001 264 PARS
1030 216 1196 263 PRIMA.
1889 213 1976 260 ‘229

175 325 230 381 5⁰
256 324 334 380 Ad
360 325 717 381 obtinendam
751 323 1010 381 Ecclesiae
1037 323 1333 390 unitatem,
1360 327 1477 378 tum
1507 319 1658 393 fidei,
1681 323 1803 375 tum
1834 318 1976 391 regi-

97 420 683 490 minis,neccssarium
710 427 791 476 cst
810 419 1037 492 aliquod
1064 418 1404 492 principium
1436 435 1535 473 seu
1553 422 1807 473 centrum
1832 415 1974 470 hanc

96 517 368 573 unitatem
395 517 693 573 efficaciter
724 516 1070 591 producens;
1103 515 1159 570 id
1194 521 1300 583 est,
1341 514 1529 586 aliqua
1563 512 1863 569 auctoritas
1880 511 1970 568 cui

98 614 314 670 docenti
342 620 394 670 et
427 612 767 688 praecipienti
813 611 1004 668 fideles
1045 628 1238 667 omnes
1265 611 1547 666 adhaerere
1580 628 1643 665 ac
1695 610 1977 683 obtempe-

99 728 222 767 rare
246 715 562 766 teneantur.
596 709 704 764 Nec
744 707 979 764 dubium
1018 715 1099 764 est
1143 707 1461 764 institutam
1493 727 1523 764 a
1553 706 1768 762 Christo
1804 707 1978 762 fuisse

96 805 417 879 hujusmodi
451 804 838 863 auctoritatem
869 821 968 878 per
994 821 1162 876 quam
1200 803 1390 859 unitas
1432 803 1728 859 efficaciter
1770 804 1976 876 produ-

96 909 313 958 cerctur
352 907 403 956 et
440 908 879 956 conservaretur.
911 900 974 954 Et
1014 899 1241 954 aliunde
1295 899 1387 953 illa
1435 898 1738 954 auctoritas
1781 898 1976 953 debuit

95 1015 215 1054 esse
248 997 303 1051 in
357 996 592 1052 Ecclesia
642 1002 1037 1069 permanenter
1078 992 1336 1062 visibilis,
1370 1001 1421 1050 et
1451 998 1845 1068 permanenter
1876 1009 1974 1047 seu

94 1095 302 1167 absque
337 1093 742 1167 interruptione
772 1093 828 1147 in
859 1092 1177 1147 universam
1205 1091 1508 1146 Ecclesiam
1537 1107 1657 1146 sese
1690 1106 1971 1146 exercere.

91 1191 253 1246 Porro
284 1191 449 1245 talem
479 1190 863 1246 auctoritatem
888 1189 956 1244 de
979 1190 1122 1244 sacto
1151 1207 1259 1244 non
1289 1188 1534 1244 exercuit
1553 1187 1661 1243 nisi
1686 1188 1973 1243 Romanus

92 1287 358 1342 Pontifex.
408 1287 697 1342 Enimvero
729 1304 852 1341 eam
900 1305 1011 1341 non
1041 1287 1286 1342 exercuit
1313 1270 1516 1357 aliquis
1564 1285 1795 1340 alterius
1828 1285 1974 1340 sedis

97 1381 414 1454 Episcopus,
435 1401 533 1437 nec
564 1382 765 1453 aliquis
795 1399 1102 1454 paucorum
1123 1382 1520 1455 Episcoporum
1542 1388 1787 1450 senatuS,
1810 1386 1975 1454 prout

98 1485 210 1534 tota
236 1485 473 1535 testatur
500 1480 734 1535 historia
778 1479 1168 1535 ecclesiastica.
1203 1479 1440 1535 Aliunde
1474 1496 1576 1534 nec
1619 1496 1740 1534 eam
1787 1484 1974 1534 aucto-

100 1575 378 1631 toritatcm
411 1583 805 1649 permanenter
826 1582 875 1631 ct
907 1576 1116 1648 absque
1141 1575 1255 1630 ulla
1288 1575 1694 1649 interruptione
1723 1574 1968 1631 exercuit

98 1678 246 1726 totus
275 1670 667 1743 Episcoporum
700 1678 873 1726 coetus
917 1690 1014 1726 seu
1047 1671 1304 1743 generale
1330 1671 1651 1726 concilium.
1673 1671 1789 1726 Non
1821 1671 1970 1726 enim

98 1766 273 1822 extitit
303 1766 358 1819 in
381 1765 619 1821 Ecclesia
642 1766 820 1820 ullum
843 1784 1176 1839 permanens
1199 1766 1498 1822 concilium
1528 1767 1965 1823 oecumenicum.

91 1860 204 1914 Imo
242 1878 349 1914 non
397 1859 503 1914 nisi
547 1869 744 1932 quarto
771 1844 1271 1916 saeculocelebrata
1302 1867 1381 1916 est
1416 1861 1599 1934 prima
1627 1861 1971 1917 oecumenica

88 1955 364 2028 synodus;
403 1963 452 2012 et
478 1974 577 2030 per
598 1956 893 2013 octodecim
922 1977 1044 2030 quae
1078 1958 1409 2013 effluxerunt
1453 1959 1677 2028 saecula,
1707 1976 1818 2014 non
1858 1958 1964 2014 nisi

88 2051 389 2106 octodecim
417 2059 784 2108 numerantur
831 2053 1023 2126 synodi
1052 2054 1425 2109 oecumenicae.
1459 2053 1633 2127 Igitur
1668 2054 1967 2110 auctoritas

89 2147 447 2204 conciliorum
476 2149 946 2206 oecumenicorum
969 2168 1326 2223 nequaquam
1356 2152 1460 2207 fuit
1499 2152 1805 2209 auctoritas
1836 2170 1962 2227 per-

92 2250 376 2300 manenter
412 2251 464 2300 et
504 2246 623 2302 sine
670 2247 1081 2322 interruptione
1112 2249 1385 2304 unitatem
1418 2249 1543 2304 fidei
1589 2256 1641 2306 et
1669 2250 1960 2322 regiminis

95 2339 401 2411 producens
432 2350 482 2398 et
519 2361 868 2400 conservans.
890 2345 1125 2401 Proinde
1148 2346 1305 2401 nulla
1324 2345 1390 2401 de
1409 2346 1552 2402 sacto
1574 2347 1753 2403 extitit
1784 2348 1841 2402 in
1869 2348 1964 2403 Ec-

97 2432 259 2489 clesia
283 2435 551 2507 ejusmodi
574 2441 874 2496 auctoritas
897 2448 1096 2515 praeter
1124 2442 1417 2515 ipsammet
1440 2442 1673 2497 Romani
1689 2443 1967 2497 Pontificis

98 2532 499 2588 auctoritatem.
525 2536 667 2592 Hanc
688 2544 873 2592 autem
894 2545 1116 2594 econtra
1133 2539 1272 2593 etde
1299 2539 1442 2594 facto
1470 2538 1735 2606 extitisse,
1769 2544 1820 2594 et
1840 2557 1962 2613 per·

98 2634 384 2684 manenter
415 2649 534 2687 sese
558 2631 616 2686 in
648 2634 1018 2689 universalem
1053 2634 1356 2690 Ecclesiam
1384 2635 1719 2706 exercuisse,
1746 2642 1825 2691 est
1856 2635 1965 2692 fac-

95 2731 212 2780 tum
238 2726 562 2784 historicum
591 2730 990 2786 certissimum.
1011 2731 1183 2803 Igitur
1199 2732 1432 2787 contulit
1453 2731 1707 2787 Christus
1720 2732 1967 2788 Romano

91 2820 330 2877 Pontifici
367 2825 772 2898 auctoritatem,
803 2827 894 2882 cui
930 2827 1143 2883 docenti
1172 2835 1224 2883 et
1252 2828 1591 2902 praecipienti
1625 2827 1813 2885 fideles
1847 2847 1965 2884 om-

93 2930 189 2968 nes
223 2916 496 2972 adhaerere
525 2937 587 2974 ac
611 2921 995 2996 obtemperare
1023 2930 1340 2993 tencantur,
1375 2924 1566 2996 sicque
1595 2942 1724 2980 eum
1756 2924 1960 2980 consti·

96 3007 200 3062 tuit
217 3010 384 3064 totius
410 3015 687 3071 catholicae
710 3018 940 3074 unitatis
966 3027 1240 3076 centrum.
