2320 4010
235 151 324 198 ⁴08
791 162 796 167 ·
910 117 1207 190 ‘fatiem-us
1237 140 1304 188 m:
1333 141 1482 189 PAPA.

234 258 392 314 illam
421 258 491 314 de
523 252 774 329 qualibet
813 250 1016 308 mundi
1052 256 1211 327 parte
1250 267 1494 306 canones
1524 247 2154 337 appellari-voluerunss

235 358 304 414 ab
368 356 465 412 illa
522 360 715 410 autem
777 369 944 409 nemo
989 350 1062 408 sit
1124 348 1411 426 appellare
1457 349 1846 426 permissus»
1899 349 2155 424 (ibidem,
2200 340 2203 341 ⁷

233 455 339 511 eol.
387 453 547 528 519).

245 565 248 568 ·
313 552 506 627 «Cum
550 551 703 609 enim
739 551 944 608 Christi
986 567 1248 621 munere,
1296 554 1527 625 propter
1563 548 1876 624 primatum
1904 547 2159 606 Eeelesiae

231 650 496 707 Romanae
542 650 602 706 in
653 651 816 706 beato
863 649 1022 705 Petro
1071 665 1427 716 eoncessum,
1483 645 1701 701 nemini
1766 645 1838 702 sit
1890 645 1958 701 de
2006 644 2160 704 Sedis

232 749 562 825 Apostolieae
585 748 803 824 judicio
831 747 1110 822 judicare,
1150 753 1247 803 aut
1287 745 1442 803 illius
1479 744 1818 802 sententiam
1859 750 2163 801 retractare

234 850 606 924 permissum,
643 855 748 905 ete.
779 870 807 902 »
836 847 1093 922 (ibidem,
1129 847 1236 902 eol.
1274 846 1433 919 475).

315 970 341 1000 «
370 948 424 1003 Si
468 948 692 1004 eunetis
733 947 1073 1021 generaliter
1110 943 1507 1001 sacerdotibus
1553 943 1740 999 divina
1784 942 2164 1000 tractantibus

237 1047 488 1104 fidelium
526 1046 787 1103 convenit
825 1045 991 1102 eorda
1033 1044 1315 1113 submitti,
1350 1048 1560 1116 quanto
1594 1041 1783 1116 potius
1824 1040 1971 1097 sedis
2010 1040 2165 1098 illius

237 1146 492 1203 Pontifici
534 1163 846 1203 consensus
885 1151 970 1200 est
1010 1143 1388 1209 adhibendus,
1438 1160 1610 1214 quem
1661 1148 1875 1197 cunetae
1909 1140 2166 1197 Eeelesiae

236 1245 515 1314 generalis
535 1244 750 1317 jugiter
789 1243 970 1316 pietas
1006 1240 1349 1295 celebravit?
1375 1239 1475 1293 Ubi
1508 1239 1804 1294 elementia
1834 1248 2018 1296 vestra
2058 1240 2167 1297 evi-

236 1344 437 1398 denter
475 1341 738 1410 advertit,
786 1356 1080 1412 nunquam
1128 1336 1327 1410 quovis
1369 1335 1599 1411 penitus
1639 1335 1890 1391 humano
1933 1338 2167 1394 eonsilio

237 1443 454 1498 elevare
487 1460 545 1497 se
576 1458 925 1514 quemquam
959 1456 1124 1514 posse
1154 1446 1338 1493 eontra
1369 1434 1517 1492 'illius
1552 1434 1884 1508 pv·e'vile9ium
1920 1438 2002 1492 vel
2043 1457 2165 1495 con-

237 1545 550 1617 sessionem,
581 1558 750 1614 quem
780 1538 986 1595 Christi
1020 1556 1124 1593 vox
1168 1535 1410 1611 praetulit
1438 1533 1744 1604 universiS,
1786 1550 1951 1605 quem
1979 1535 2164 1594 Eccle-

241 1642 324 1696 sia
352 1639 670 1696 veneranda
692 1637 945 1694 confessa
966 1654 1191 1711 semper
1212 1642 1295 1691 est
1320 1642 1371 1691 et
1398 1634 1568 1690 habet
1597 1632 1794 1689 devota
1823 1622 2161 1706 primatem»

245 1740 506 1815 (ibidem,
537 1739 643 1794 eol.
679 1738 838 1809 324).

321 1841 380 1895 ln
426 1858 525 1895 sua
575 1839 641 1894 ad
681 1837 1033 1893 Wenilonem
1063 1835 1559 1911 Arehiepiseopum
1602 1833 1981 1888 Senonensem
2029 1829 2164 1904 epis-

246 1938 379 2009 tola,
419 1938 659 1994 laudans
706 1956 837 1992 eum
879 1943 932 1992 et
982 1937 1119 1992 alios
1156 1935 1482 2011 Episcopos,
1524 1932 1673 2006 quod
1720 1932 1777 1987 in
1820 1948 1881 1986 re
1915 1929 2068 2003 gravi
2112 1946 2170 1985 ae

246 2037 417 2093 dubia
450 2037 671 2093 edoceri
713 2054 772 2093 se
805 2037 873 2092 ab
902 2035 1206 2111 apostoliea
1233 2035 1372 2090 Sede
1410 2032 1792 2109 postulassent
1822 2053 1831 2085 :
1885 2052 1910 2081 «
1938 2028 2054 2092 Quo
2083 2047 2172 2084 vo—

252 2160 276 2188 «
312 2137 396 2192 bis
425 2137 705 2206 eundum,
739 2136 946 2209 inquit,
978 2154 1160 2209 quove
1186 2135 1242 2190 in
1267 2135 1438 2190 rebus
1468 2132 1660 2188 dubiis
1683 2137 1854 2203 atque
1879 2129 1937 2184 in
1963 2127 2180 2202 magnis

252 2259 277 2287 «
311 2235 703 2292 ecelesiasticis
729 2234 971 2308 negotiis
996 2242 1137 2289 esset
1166 2232 1598 2289 accelerandum
1625 2228 1949 2286 serenitatis
1972 2227 2182 2284 visibus

253 2357 279 2386 «
314 2333 670 2409 praevidisti&
721 2332 1153 2406 humilibusque
1200 2331 1515 2388 devotionis
1555 2336 1752 2385 vestrze
1790 2327 2050 2403 passibus
2091 2344 2182 2381 eu-

254 2456 279 2485 «
312 2432 597 2487 enrristis.
642 2432 846 2487 Contra
891 2431 1021 2487 illos
1071 2431 1375 2499 nimirum,
1422 2428 1518 2502 qui
1563 2426 1873 2483 beatissimi
1912 2423 2186 2500 apostolo·
2251 2425 2257 2429 “

254 2555 279 2584 «
310 2551 438 2587 rum
471 2532 745 2607 principis
780 2531 925 2587 Petri
967 2534 1203 2608 ejusque
1237 2547 1633 2587 suceessorum
1669 2525 2183 2583 luculentissimam

254 2654 280 2683 «
311 2630 629 2687 doctrinam
666 2631 973 2705 sedemque
1011 2638 1348 2706 spernentes
1370 2635 1562 2704 (quem
1591 2627 1681 2682 Dei
1702 2626 1878 2681 Filius
1914 2626 1969 2679 in
1998 2628 2184 2679 saneta

256 2754 281 2781 «
315 2731 558 2786 Eeelesia
587 2750 710 2800 sua,
740 2737 1013 2803 tanquam
1043 2730 1331 2786 luminare
1360 2729 1542 2801 majus
1575 2727 1631 2781 in
1665 2725 1804 2780 eeelo
1844 2721 2187 2794 constituit),
2273 2780 2276 2789 ,

259 2850 286 2879 «
316 2828 487 2883 veluti
520 2829 750 2901 quidam
780 2829 1104 2902 scorpiones
1144 2829 1401 2902 palantes
1442 2825 1713 2882 ineedunt
1744 2823 1802 2878 in
1837 2819 2096 2889 meridie,
2137 2826 2185 2875 et

259 2950 286 2979 «
318 2945 448 2982 eum
489 2927 676 2983 adhue
709 2927 829 2982 dies
874 2935 982 2998 est,
1017 2928 1217 2983 oceidit
1251 2928 1332 2983 eis
1369 2927 1525 2982 501...
1571 2944 1671 3000 per
1706 2925 1942 2998 abrupta
1972 2928 2025 2977 et
2070 2920 2187 2976 avia

260 3046 287 3078 «
318 3024 664 3096 ineedenteS,
696 3025 833 3080 dum
859 3032 1027 3100 eaput
1057 3026 1219 3100 sequi
1251 3024 1567 3098 refugiunt,
1599 3023 1656 3078 in
1696 3029 1852 3078 vasta
1883 3018 2188 3096 przeeipitia

261 3146 287 3176 «
316 3122 746 3196 demerguntur.
775 3124 875 3180 Vos
898 3131 1111 3196 autem,
1154 3124 1357 3180 fratres
1388 3122 1698 3190 carissimi,
1734 3122 1831 3195 qui
1862 3125 2055 3176 saneto
2081 3112 2239 3175 uti-⁴·

263 3245 289 3274 «
320 3240 430 3295 que
458 3221 676 3297 Spiritu
720 3223 1027 3294 revelante,
1058 3223 1376 3299 apostolicae
1403 3222 1558 3278 Sedis
1587 3221 1978 3277 auctoritatem
2023 3233 2187 3274 sensu

263 3345 287 3374 «
321 3340 516 3398 capere
552 3329 602 3378 et
630 3323 699 3378 ad
733 3323 1096 3399 splendorem
1126 3323 1358 3379 luminis
1394 3324 1514 3397 ejus
1537 3322 1656 3396 jam
1699 3320 1958 3377 incedere
1995 3315 2188 3372 lauda-

264 3442 291 3472 «
323 3421 517 3478 biliter
561 3418 896 3494 inelioastiS‚
941 3441 1071 3479 eum
1117 3423 1214 3479 illa
1260 3440 1442 3496 usque
1480 3421 1538 3476 in
1582 3422 1751 3476 tinem
1796 3434 2012 3493 sapere,
2057 3430 2186 3470 eum

265 3543 290 3571 «
322 3521 418 3576 illa
447 3538 669 3596 semper
694 3523 986 3579 ambulare
1012 3525 1254 3593 studete,
1289 3524 1350 3578 ab
1373 3523 1468 3577 illa
1497 3523 1710 3577 (leviare
1737 3520 1891 3591 nefas
1925 3515 2182 3588 judicate,

268 3637 294 3666 «
324 3619 384 3671 ab
422 3619 531 3689 ejus
576 3620 873 3691 dismvpare
904 3638 1062 3675 sensu
1100 3639 1167 3676 ne
1203 3622 1275 3676 ad
1323 3619 1583 3674 modicum
1626 3617 1833 3690 quidem
1867 3615 2184 3666 momentum
