2372 4108
946 249 1071 295 PARS
1100 249 1247 296 Pnuu
1257 285 1268 295 .
1998 248 2049 295 71

171 356 473 429 eloquentiae
504 354 808 427 Tullianae),
847 354 1088 411 aliorum
1125 354 1403 427 judicium
1431 353 1523 409 sit.
1557 353 1700 408 Sane
1725 351 1809 408 vel
1847 352 1966 427 ipse
1991 352 2054 408 ti.-

170 452 344 512 tuluS.
372 453 438 508 de
464 451 715 534 Mortibuf
735 458 1148 526 persecutorum,
1169 469 1369 524 parum
1395 450 1787 524 Ciceronianus
1806 449 2044 506 videtur.

170 551 230 630 ld
255 556 469 607 certum
494 556 744 611 remanet
771 549 956 606 adhuc
981 548 1179 604 merito
1199 548 1404 620 ambigi
1431 566 1594 623 posse
1610 566 1748 603 num
1783 547 1889 604 iste
1909 547 2051 604 liber

170 648 450 706 Lactantio
471 648 543 704 sit
569 645 988 704 adscribendus

238 745 325 802 ΙΙΙ.
371 745 430 802 Si
465 752 637 801 textus
676 750 816 798 certo
849 741 991 813 foret
1015 742 1305 811 Lactantii‚
1334 749 1384 797 et
1408 730 1550 797 certo
1581 743 1877 798 excluderet
1898 744 2048 816 prius

157 843 261 897 iter
303 841 471 897 saneti
510 840 657 895 Petri
689 857 891 895 necnon
939 840 1049 911 ejus
1096 839 1337 894 Romano
1385 839 1707 910 episcopatui
1750 841 2047 908 aasiynatos

157 937 226 993 25
269 953 461 1006 cennos,
503 943 808 1008 sequeretur
843 936 1124 991 dumtaxat
1150 952 1359 990 errasse
1387 935 1486 989 hac
1515 936 1655 988 ina-e
1688 932 2043 1003 metantium,

157 1053 263 1090 uon
299 1042 469 1091 autem
503 1052 778 1091 erroneam
816 1052 928 1090 esse
960 1035 1283 1090 contrariam
1326 1033 1549 1088 Patrum
1584 1031 1944 1087 traditionem.
1973 1063 2044 1075 --

154 1131 293 1189 Noto
318 1132 508 1189 notius
531 1132 694 1188 estin
716 1131 911 1188 multis
933 1131 1280 1187 Lactantium
1308 1147 1544 1187 errasse.
1573 1129 1646 1185 De
1669 1129 1876 1202 quibus
1904 1146 2050 1184 erro-

161 1231 319 1287 ribus
350 1231 751 1304 Hieronymus':
788 1251 820 1289 s(
853 1230 1169 1287 Lactantius
1210 1229 1372 1302 quasi
1411 1229 1641 1301 quidam
1691 1227 1896 1283 fluvius
1933 1227 2045 1283 elo·

160 1331 398 1400 quentiae
427 1330 720 1395 Tullianae3
759 1329 975 1384 utinam
1012 1335 1125 1385 tam
1166 1336 1356 1384 nostra
1380 1328 1710 1384 confirmare
1749 1326 2040 1400 potuisset,

164 1444 330 1496 quam
358 1427 519 1482 facilc
560 1427 740 1482 aliena
777 1426 1070 1482 destruxit.
1109 1447 1135 1477 »
1174 1427 1309 1481 Hinc
1348 1426 1547 1480 merito
1584 1425 1800 1480 celebre
1843 1424 2041 1479 Gelasii

159 1521 316 1595 Papae
340 1523 622 1578 decretum
653 1523 731 1593 (in
769 1521 1008 1578 Concilio
1041 1524 1289 1577 Romano
1329 1522 1460 1578 anni
1502 1522 1628 1589 494)
1674 1522 1738 1574 de
1768 1523 2044 1592 scripturis

169 1620 481 1673 authenticis
504 1626 555 1675 et
579 1619 911 1691 apocryphi&
938 1619 1084 1674 inter
1117 1620 1431 1692 apocrypha
1457 1616 1724 1672 Lactantii
1754 1616 1924 1671 libros
1955 1633 2040 1671 re-

153 1713 489 1784 jecithitur
501 1713 547 1767 si
564 1731 675 1768 non
698 1721 882 1786 posset
907 1720 1088 1769 textus
1112 1714 1217 1768 iste
1239 1713 1507 1768 Lactantii
1535 1712 1842 1767 adsensum
1870 1712 2040 1767 Eusc-

160 1808 337 1864 bianae
359 1808 604 1864 historiae
639 1826 702 1863 ac
724 1808 1038 1863 communis
1060 1808 1376 1863 traditionis
1411 1807 1603 1862 reduci
1631 1808 1804 1880 (quod
1832 1807 2036 1862 falsum

155 1910 262 1975 est,
295 1912 460 1978 prout
491 1923 658 1979 supra
684 1906 1084 1979 probavimus),
1114 1905 1340 1961 deberet
1356 1911 1626 1977 tanquam
1658 1921 1923 1960 erroneus
1950 1903 2041 1958 de—

158 2002 420 2074 relinqui.
442 2003 707 2058 Caeterum
730 2002 1048 2076 suspicione
1069 2021 1178 2057 non
1210 2009 1358 2058 caret
1385 2002 1534 2074 quod
1558 2001 1855 2074 cujuslibet
1879 2008 2040 2056 secta]

166 2099 428 2166 haeretici,
471 2099 723 2171 quamvis
747 2099 847 2155 toti
880 2099 991 2154 sint
1017 2099 1073 2153 in
1098 2098 1472 2168 convellenda,
1506 2106 1628 2154 tum
1656 2097 1896 2171 Dionysii
1927 2097 2036 2152 Ma-

155 2196 247 2267 gni
272 2213 524 2270 operum,
552 2203 673 2251 tum
698 2196 1062 2270 epistolarum
1088 2196 1265 2251 sancti
1288 2195 1480 2267 Ignatii
1511 2195 1790 2268 martyriS,
1819 2201 1869 2250 et
1902 2194 2037 2250 alio-

154 2310 279 2346 rum
315 2293 370 2347 id
410 2311 582 2365 genus
612 2301 890 2351 certorum
928 2294 1276 2367 antiquitatis
1307 2294 1771 2350 documentorum
1798 2296 2033 2348 authen-

154 2388 386 2457 ticitate,
424 2389 573 2444 ist-ud
612 2391 980 2447 nihilominus
1014 2393 1077 2447 de
1113 2392 1364 2448 Mortibus
1401 2401 1796 2464 persecutorum
1836 2410 2032 2446 manu-

149 2485 454 2556 scriptum,
491 2486 678 2540 statim
723 2506 784 2543 ac
827 2507 856 2542 a
891 2488 1110 2543 Baluzio
1152 2489 1364 2544 editum
1406 2488 1543 2557 fuit,
1591 2489 1934 2543 unanimiter
1968 2506 2028 2542 ac

146 2578 333 2633 festive
364 2580 748 2636 authenticum
781 2581 1046 2638 Lactantii
1078 2590 1301 2656 partum
1329 2583 1677 2638 salutarunt!

436 2803 460 2854 g
488 2801 526 2841 4,
556 2825 609 2833 —-
632 2803 780 2844 Petrus
803 2804 1019 2856 Apostolus
1039 2803 1178 2846 Romae
1202 2805 1428 2846 crucifixus
1444 2810 1508 2846 est
1523 2816 1632 2846 anno
1652 2805 1718 2845 (57.

216 2951 372 3008 Varia
393 2953 614 3025 quidem
648 2956 757 3011 huc
781 2974 960 3029 usque
988 2957 1277 3013 doctorum
1304 2958 1578 3014 sententia
1605 2958 1783 3031 quoad
1809 2976 2022 3013 annum

148 3047 290 3102 beati
338 3050 479 3106 Petri
507 3051 749 3126 Apostoli
795 3055 1060 3128 martyrio
1094 3056 1512 3129 assignandum.
1557 3058 1621 3112 At
1656 3074 1785 3112 cum
1840 3073 2020 3127 nuper

147 3140 226 3194 Pii
251 3143 311 3195 lx
341 3144 575 3202 feliciter
602 3150 884 3220 regnantis
909 3152 1074 3223 jussu
1105 3153 1336 3225 quaestio
1367 3152 1574 3208 iterum
1602 3153 1667 3206 ad
1697 3151 1887 3206 crisim
1924 3168 2015 3203 vo-

145 3244 264 3292 cata
293 3240 479 3307 suerit,
501 3243 942 3303 dissertationem
969 3249 1141 3304 edidit
1167 3250 1506 3306 reverendus
1535 3248 1823 3313 Bartolini‚
1852 3248 2016 3318 cujus

138 3335 422 3390 conclusio
454 3342 554 3403 cst,
588 3340 962 3399 collocandam
988 3363 1133 3400 anno
1154 3347 1222 3401 67
1252 3346 1398 3401 beati
1431 3343 1701 3414 Principis
1731 3342 2015 3415 Apostolo-

140 3449 263 3487 rum
315 3451 524 3490 necem.
587 3436 759 3501 Quam
780 3427 782 3430 ’
807 3444 1137 3498 sententiam
1195 3442 1640 3516 anteponendam
1690 3441 2014 3498 existimans

141 3530 270 3586 Pius
298 3533 435 3606 Papa
475 3534 560 3604 IX,
596 3554 740 3591 anno
768 3538 935 3607 1867,
973 3539 1060 3595 die
1081 3541 1150 3595 29
1175 3540 1341 3612 junii,
1367 3539 1762 3596 celebrandum
1791 3540 2010 3612 indixit,

146 3644 208 3682 ac
253 3627 490 3687 feliciter
527 3631 821 3690 celebravit
852 3633 1362 3709 duodevigesimum
1389 3636 1648 3694 saeculare
1699 3636 2012 3695 anniversa-
