2320 4010
898 177 1020 225 PARS
1051 177 1269 224 SECUNDA
1279 211 1291 222 .
1718 222 1722 225 ,
1947 169 2037 216 235

165 295 225 344 ut
267 288 321 343 in
363 285 723 360 disceptionis
763 283 999 340 decursu
1037 299 1149 338 non
1188 285 1472 336 remaneat
1511 272 2039 349 aequivocationibus

164 385 343 454 locuS‚
378 390 431 439 et
472 382 756 457 quodlibet
796 377 1126 436 adversariis
1165 376 1437 450 effugium
1469 372 1862 449 praecludatur.

936 706 1179 768 CAPUT
1229 707 1254 765 I

194 889 278 924 Dm
299 886 543 933 'llum
567 883 805 921 ,nawa
828 879 1069 916 noum!
1098 877 1446 913 mutunus
1471 875 2022 911 ENFAIAEAEBUIAETAOE·

230 1042 509 1096 Pnoposmo
546 1038 606 1093 1³.
633 1070 704 1079 —
730 1036 920 1109 Aqitur
955 1036 1232 1090 dumtaxat
1269 1033 1334 1088 de
1361 1030 1736 1101 infallibilitate
1771 1031 1828 1084 in
1855 1030 2042 1101 defini-

165 1137 386 1191 tionibus
414 1136 558 1206 fidei,
585 1135 741 1189 libere
772 1151 803 1187 a
842 1132 1012 1205 Papa,
1050 1149 1151 1186 non
1194 1139 1442 1201 tanquam
1468 1128 1679 1182 doctore
1714 1127 1919 1198 privato
1949 1126 2044 1181 sed

167 1241 418 1304 quatenns
458 1230 736 1286 universali
783 1236 1014 1300 pastore,
1061 1227 1437 1299 pronuntiatis.
1476 1256 1548 1264 —
1584 1223 1785 1278 Omnes
1838 1222 2045 1296 quippe

175 1328 418 1384 doctores
445 1324 699 1382 catholici
738 1323 835 1394 qui
863 1322 1104 1395 Romani
1122 1321 1398 1378 Pontificis
1427 1319 1883 1375 infallibilitatem
1925 1325 2045 1374 tan-

171 1442 335 1496 quam
373 1430 580 1479 certam
623 1428 675 1475 et
719 1420 950 1474 omnino
989 1419 1285 1473 tenendam
1323 1423 1696 1491 propugnant,
1731 1434 1843 1470 non
1875 1415 2042 1470 aliam

173 1521 486 1593 intelligunt
510 1534 678 1590 quam
702 1517 781 1571 sic
807 1515 1252 1585 determinatam,
1286 1522 1338 1570 et
1364 1517 1467 1569 hac
1495 1514 1698 1588 triplici
1726 1514 2043 1569 conditione

175 1613 807 1674 restrictam..Nimirum
835 1635 846 1666 :
885 1615 938 1669 1⁰
972 1613 1425 1668 infallibilitatem
1461 1619 1717 1667 asserunt
1751 1611 2042 1666 dumtaxat

166 1715 345 1786 quoad
392 1712 714 1782 definitiones
760 1711 903 1779 fidei,
947 1727 1058 1764 non
1106 1709 1285 1780 quoad
1335 1708 1443 1762 alia
1482 1708 1718 1761 Romani
1762 1707 2040 1763 Pontificis

164 1809 379 1863 decreta
421 1823 542 1878 quae
573 1805 738 1859 fidem
772 1823 885 1859 non
929 1805 1256 1878 respiciunt..
1307 1803 1460 1857 Illam
1507 1809 1691 1857 autem
1736 1802 2044 1858 extendunt

156 1902 319 1958 etiam
347 1902 414 1957 ad
441 1901 656 1957 decreta
686 1900 835 1956 circa
863 1917 1045 1956 mores
1069 1906 1119 1956 et
1142 1899 1289 1954 circa
1317 1898 1674 1972 disciplinam
1697 1899 2036 1969 generalem,

154 2016 215 2054 eo
242 1997 385 2070 quod
428 1998 648 2053 decreta
675 1997 780 2053 ista
810 1998 937 2052 fidei
969 1996 1349 2052 definitionem
1384 1995 1655 2069 implicite
1694 1995 2037 2067 contineant,

155 2102 206 2150 et
252 2095 354 2150 sub
391 2095 490 2149 hoc
534 2101 785 2168 respectu
835 2094 905 2148 ad
954 2093 1300 2149 definitiones
1341 2093 1469 2148 fidei
1515 2094 1854 2150 referantur.
1898 2095 2035 2150 Nam

160 2190 378 2263 quando
402 2191 542 2264 Papa
570 2190 760 2247 definit
803 2191 1051 2263 aliquem
1078 2198 1264 2246 actum
1292 2209 1413 2246 esse
1450 2199 1766 2265 peccatum,
1807 2193 1909 2247 hoc
1948 2193 2039 2249 de-

162 2296 392 2359 cretum,
429 2289 531 2345 etsi
573 2307 755 2344 mores
792 2289 1072 2363 respiciat,
1111 2297 1193 2345 cst
1232 2290 1402 2345 simul
1433 2290 1682 2346 delinitio
1724 2292 2036 2363 dogmatica

163 2402 258 2440 seu
287 2385 428 2441 fidei.
457 2387 519 2442 Et
549 2388 755 2462 pariter
790 2387 1013 2459 quando
1047 2389 1188 2460 Papa
1216 2387 1522 2442 universali
1548 2388 1802 2442 Ecclesiae
1828 2388 2036 2459 aliquid

162 2482 429 2553 agendum
459 2484 786 2557 praescribit,
813 2484 966 2538 verbi
994 2483 1193 2556 gratia,
1217 2483 1497 2555 jejunium
1522 2484 1607 2537 vel
1637 2484 2031 2539 abstinentiam

160 2595 188 2631 a
220 2578 475 2635 carnibus
508 2581 673 2636 certis
709 2581 904 2636 diebus
930 2580 1279 2646 servandam,
1312 2581 1415 2634 hoc
1455 2580 1573 2653 ipso
1613 2579 1884 2653 implicite
1912 2600 2035 2655 pro-

159 2674 375 2729 nuntiat
413 2676 615 2731 bonam
658 2677 944 2733 moraliter
985 2695 1103 2733 esse
1130 2677 1450 2750 hujusmodi
1483 2678 1698 2751 praxim
1725 2722 1738 2746 ,
1775 2679 1921 2750 quod
1965 2679 2032 2733 ad

155 2768 315 2824 tidem
343 2773 600 2844 pertinet.
636 2774 925 2843 Caeterum,
956 2775 1004 2830 si
1039 2782 1234 2847 agatur
1261 2776 1327 2830 dc
1355 2775 1567 2830 caeteris
1606 2775 1760 2849 Papae
1795 2774 2031 2830 decretis
2097 2797 2101 2799 >

153 2882 274 2935 quae
313 2868 379 2921 ad
422 2868 587 2924 fidem
630 2871 946 2927 nullatenus
987 2872 1270 2946 pertinent
1311 2874 1389 2943 (ut
1434 2879 1587 2940 sunt,
1635 2872 1788 2928 verbi
1815 2872 2026 2944 gratia,

155 2963 438 3017 sententiae
475 2965 833 3038 depositionis
870 2975 1062 3024 contra
1113 2970 1405 3044 Episcopos
1450 2978 1543 3026 aut
1598 2970 1734 3025 alios
1778 2987 2028 3042 pronun-

161 3051 324 3122 tiatae,
344 3057 636 3154 et‘similia)
661 3079 1008 3136 nequaquam
1034 3067 1218 3138 quoad
1242 3069 1355 3122 haec
1378 3068 1621 3122 Romano
1640 3064 1889 3119 Pontifici
1912 3063 2028 3116 vin-

161 3146 378 3203 dicatur
430 3149 741 3209 inerrantiae
794 3162 1169 3231 praerogativa.
1227 3163 1281 3217 2⁰
1320 3163 1601 3218 Asscritur
1659 3158 2026 3214 infallibilitas

157 3243 331 3313 quoad
386 3262 477 3300 eas
530 3246 810 3306 dumtaxat
859 3253 1207 3314 definitiones
1259 3259 1408 3326 fidei,
1460 3275 1598 3328 quas
1651 3274 1762 3310 non
1810 3262 2025 3312 constat

156 3340 328 3395 editas
360 3359 387 3394 a
408 3342 544 3416 Papa
571 3343 742 3400 fuisse
763 3346 969 3419 absque
984 3351 1257 3424 libertate,
1279 3373 1389 3409 non
1412 3354 1592 3424 quoad
1613 3370 1703 3406 eas
1728 3370 1866 3423 quas
1887 3354 2025 3427 Papa

157 3446 475 3494 nosceretur
509 3459 573 3496 ex
603 3442 652 3495 vi
693 3443 775 3497 vel
808 3451 958 3499 metu
1000 3452 1409 3518 pronuntiasse.
1434 3449 1660 3511 Quando
1694 3449 1842 3504 cnim
1877 3457 2026 3507 noto-

156 3531 299 3587 rium
326 3542 406 3590 est
443 3535 817 3594 definitionem
849 3558 877 3593 a
902 3539 1042 3613 Papa
1070 3560 1167 3615 per
1189 3546 1299 3599 vim
1329 3551 1596 3600 extortam
1633 3544 1823 3616 fuisse,
1853 3533 2019 3602 simul
