2320 4010
25 183 56 232 .'
120 169 142 195 ‘
359 196 363 200 -
784 166 911 212 PARS
941 163 1180 211 sacuam.
1835 161 1923 206 495

48 275 359 347 generalem
397 274 728 339 indicerent3
776 272 1068 346 Gregorius
1112 268 1320 326 scilicet
1352 267 1636 340 ForoJulii‚
1667 274 1722 324 et
1751 268 1921 323 Benc-

48 371 230 428 dictus
262 370 595 445 Perpiniani.
623 370 682 424 Et
714 375 937 426 notetur
964 385 1143 424 unum
1169 384 1198 422 e
1229 365 1446 421 duobus
1468 364 1535 420 dc
1565 364 1772 439 Papatu
1793 381 1923 419 con-

51 468 405 524 tendentibus
428 466 596 523 suisse
619 483 811 522 verum
844 470 895 521 et
922 462 1233 536 legitimum
1258 460 1599 526 Pontificem,
1642 460 1770 516 licet
1796 458 1922 532 quis

53 566 140 620 hic
161 570 302 621 esset
334 564 659 619 nesciretur.
689 563 865 633 Atque
894 561 942 616 is
972 558 1302 633 reprobabat
1335 558 1538 612 factam
1569 574 1599 611 a
1623 554 1923 611 Cardinali-

50 664 153 719 bus
191 662 664 718 convocationem.
724 659 903 713 Potuit
947 675 1082 712 sane
1142 654 1377 728 quilibet
1410 654 1795 710 Cardinalibus
1843 653 1923 708 sic

46 757 474 813 convocantibus
514 773 623 810 non
667 754 910 824 obedire,
961 760 1058 806 ne'c
1109 751 1167 805 in
1201 750 1279 805 eis
1325 751 1481 805 illam
1525 767 1820 822 agnoscere
1863 750 1921 804 in

45 853 333 907 universos
379 851 631 907 Ecclesiae
678 849 970 921 Episcopos
1011 844 1486 918 jurisdictionem,
1516 862 1640 916 quae
1680 846 1748 900 ad
1786 846 1922 916 legi-

42 949 174 1004 time
212 948 626 1002 convocandum
663 942 960 999 concilium
996 940 1312 996 necessaria
1348 947 1450 995 est.

113 1043 172 1098 11.
206 1043 387 1112 Defuit
419 1042 818 1107 oecumenicitaS,
861 1055 927 1092 ex
964 1054 1022 1091 eo
1052 1036 1202 1107 quod·
1231 1033 1476 1089 notabilis
1511 1051 1645 1106 pars
1673 1034 1925 1090 Ecclesiae

40 1139 300 1195 catholicae
325 1155 426 1192 non
457 1137 704 1206 adsuerit.
738 1167 806 1175 —
834 1156 861 1186 «
894 1133 1092 1188 Nullus
1138 1132 1349 1188 scilicet
1397 1131 1698 1205 Episcopus
1740 1132 1920 1188 adfuit

51 1257 76 1287 «
106 1254 171 1290 ex
208 1234 488 1307 Hispania,
530 1237 794 1303 sequente
842 1230 1201 1285 Benedictum
1240 1229 1371 1292 ΧΙΗ,
1405 1247 1526 1300 quae
1559 1234 1641 1298 (ut
1670 1228 1727 1282 in
1758 1229 1924 1283 Cons-

57 1354 82 1383 «
126 1330 382 1386 tantiensi
440 1330 617 1383 aiebat
659 1327 961 1382 Cardinalis
1013 1326 1187 1381 sancti
1236 1326 1422 1390 Marci)
1466 1332 1579 1379 erat
1608 1343 1711 1378 non
1751 1326 1925 1379 ‘nzz'nor

56 1448 83 1479 «
126 1429 518 1481 christianornm
581 1427 748 1496 portio
806 1442 956 1494 qnam
1002 1425 1201 1479 Graecia
1257 1423 1559 1476 christiana.
1613 1420 1921 1476 Abfuerunt

51 1545 76 1575 «
110 1541 328 1594 quoque
357 1540 547 1577 omnes
586 1521 833 1594 Episcopi
877 1520 1091 1586 Scotiae,
1120 1519 1359 1574 etmulti
1402 1536 1465 1573 cx
1516 1518 1672 1573 ltalia
1704 1523 1754 1573 et
1793 1518 1920 1573 Ger-

48 1640 75 1671 «
110 1620 329 1684 mania‚·
365 1619 493 1673 adeo
522 1626 579 1673 ut
615 1618 755 1673 idem
791 1617 1093 1672 Cardinalis
1121 1624 1389 1671 memoret
1420 1617 1611 1671 mullas
1634 1615 1925 1672 Germaniae

48 1736 75 1767 «
110 1724 158 1769 et
195 1715 363 1770 Italiae
380 1723 575 1786 pentes,
608 1731 729 1784 quae
758 1713 814 1766 in
840 1712 1084 1784 Gregorii
1117 1712 1202 1765 ΧΠ
1235 1711 1547 1766 obedientia
1578 1711 1919 1784 perstabant.

50 1835 73 1863 «
102 1811 237 1866 Hinc
269 1830 378 1866 non
429 1810 707 1865 immerito
749 1809 984 1864 Jacobus
1028 1808 1279 1876 Lenfant,
1328 1807 1453 1862 licet
1508 1807 1818 1870 calvinista,
1866 1807 1918 1860 in

47 1928 73 1957 «
106 1906 424 1979 praefatione
453 1905 519 1958 ad
549 1904 838 1959 Historiam
876 1902 1097 1958 concilii
1128 1902 1328 1969 Pisani,
1355 1901 1645 1956 consessus
1682 1907 1761 1955 est
1800 1914 1922 1962 (nu-

47 2022 73 2053 «
103 2018 255 2055 mero
299 2004 380 2071 5),
415 2000 459 2055 si
497 2017 558 2054 ex
591 1999 880 2053 nationum
930 2014 1163 2052 numero
1205 1997 1575 2069 judicandum
1630 1996 1722 2065 sit,
1773 1996 1920 2050 idem

50 2119 75 2149 «
110 2097 404 2152 concilium
464 2113 573 2150 non
630 2094 802 2149 fuisse
857 2094 1216 2166 completum.
1271 2092 1423 2155 Quod
1473 2093 1520 2148 si
1573 2092 1920 2148 clarissimus

50 2214 75 2243 «
107 2193 406 2266 Episcopus
423 2191 716 2245 Meldensis
738 2190 998 2255 qssossuet)
1024 2208 1135 2243 non
1158 2189 1428 2243 dubitavit
1457 2207 1658 2261 negare
1686 2206 1923 2243 oecume-

54 2309 80 2338 «
107 2288 295 2341 nicum
336 2286 629 2340 concilium
676 2293 917 2353 sextum,
954 2303 1017 2339 eo
1047 2284 1196 2355 quod
1240 2284 1519 2338 abfuerint
1548 2284 1786 2355 Hispani,
1812 2303 1920 2356 qua

39 2371 79 2432 ⁵«
115 2381 238 2435 dein
280 2380 610 2435 cohaerentia
634 2379 881 2433 tribuere
918 2379 1095 2451 potuit
1130 2397 1332 2433 nomen
1358 2384 1408 2434 et
1445 2378 1557 2433 vim
1594 2380 1924 2434 oecumenici

56 2500 81 2530 «
119 2477 354 2532 concilio
392 2477 605 2539 PisanO,
650 2476 703 2530 in
742 2493 851 2547 quo
878 2481 1077 2548 praeter
1113 2475 1371 2547 Hispanos
1413 2474 1532 2529 aliae
1584 2475 1762 2529 multae
1799 2475 1926 2530 Ger-

56 2596 81 2626 «
114 2577 295 2629 manias
332 2583 380 2629 et
421 2575 593 2629 Italia?
642 2582 815 2645 flentes
863 2572 1129 2628 defuere?
1159 2595 1184 2623 »
1225 2571 1611 2639 (Ballerinius„
1652 2572 1716 2625 cle
1756 2570 1932 2626 Potes-

55 2681 159 2727 tate
198 2674 482 2727 ecclesiasti
513 2690 566 2740 a,
612 2671 793 2744 capite
823 2691 892 2737 vi,
929 2673 954 2741 ξ
991 2672 1043 2737 4,
1081 2689 1135 2724 n.
1180 2670 1270 2738 11,
1309 2669 1511 2743 pagina
1545 2669 1636 2736 76,
1672 2668 1929 2724 editionis

53 2768 328 2834 Romanae,
358 2768 550 2835 1850.)

128 2863 215 2916 111.
260 2864 455 2934 Defuit,
498 2864 566 2916 ad
596 2865 1046 2917 ‹rettinenicitalem
1091 2852 1406 2931 necessaria,
1446 2864 1630 2933 capitis
1655 2860 1927 2928 Ecclesiae,

57 2958 109 3010 id
136 2965 211 3011 est
245 2957 440 3012 Summi
465 2960 757 3030 PontificiS,
792 2961 1099 3014 atet-toritas,
1125 2993 1193 2999 —
1223 2981 1249 3011 «
1275 2959 1506 3014 Romani
1540 2958 1767 3030 quidem
1803 2958 1935 3010 Pon-

67 3071 91 3099 «
128 3050 290 3104 titicis
324 3057 474 3106 tanta
510 3071 619 3124 prae
659 3055 869 3110 caeteris
895 3055 1179 3129 Episcopis
1221 3055 1363 3110 ratio
1400 3061 1666 3124 tantaque
1692 3052 1745 3105 in
1769 3068 1932 3122 gene-

67 3168 91 3196 «
129 3147 338 3202 ralibus
375 3147 625 3203 conciliis
651 3151 949 3206 necessitas
982 3153 1088 3206 suit
1114 3151 1358 3222 antiquis
1389 3150 1555 3204 etiam
1588 3146 1933 3220 temporibus

69 3263 93 3293 «
133 3243 340 3310 habita,
389 3248 446 3297 ut
480 3242 524 3296 si
557 3244 811 3299 abessent
855 3245 951 3299 alii
997 3245 1358 3315 quicumque,
1399 3243 1565 3297 etiam
1608 3242 1936 3313 apostolica-

68 3359 93 3389 «
131 3356 253 3392 rum
296 3358 356 3393 ac
403 3339 859 3410 patriarchalium
891 3339 1106 3394 sedium
1142 3338 1429 3393 Antistites
1457 3337 1595 3391 nibil
1627 3335 1935 3410 praejudicii

68 3456 92 3484 «
131 3442 376 3489 creatum
408 3441 695 3507 putaretur
722 3434 956 3489 concilio
987 3434 1329 3489 oecumenico
1359 3455 1369 3487 ε
1399 3434 1682 3489 Romanus
1718 3452 1846 3488 vero
1887 3434 1935 3488 si

69 3551 95 3582 «
131 3549 229 3586 nec
257 3549 352 3603 per
377 3549 433 3586 se
457 3550 552 3587 nec
569 3550 668 3606 per
697 3532 905 3604 legatos
929 3531 1164 3602 adesset,
1196 3531 1438 3604 synodus
1479 3530 1741 3602 quaelibet
1766 3529 1932 3586 etiam
