<?xml version="1.0" encoding="UTF-8"?>
<!DOCTYPE html PUBLIC "-//W3C//DTD XHTML 1.0 Transitional//EN"
    "http://www.w3.org/TR/xhtml1/DTD/xhtml1-transitional.dtd">
<html xmlns="http://www.w3.org/1999/xhtml" xml:lang="en" lang="en">
 <head>
  <title>
</title>
<meta http-equiv="Content-Type" content="text/html;charset=utf-8" />
  <meta name='ocr-system' content='tesseract 3.04.00' />
  <meta name='ocr-capabilities' content='ocr_page ocr_carea ocr_par ocr_line ocrx_word'/>
</head>
<body>
  <div class='ocr_page' id='page_1' title='image "a548470101bouiuoft_0088.png"; bbox 0 0 2372 4108; ppageno 0'>
   <div class='ocr_carea' id='block_1_1' title="bbox 372 196 1606 295">
    <p class='ocr_par' dir='ltr' id='par_1_1' title="bbox 372 196 1606 295">
     <span class='ocr_line' id='line_1_1' title="bbox 372 196 1606 295; baseline -0.005 -9"><span class='ocrx_word' id='word_1_1' title='bbox 372 248 426 295; x_wconf 79' lang='lat'><strong>78</strong></span> <span class='ocrx_word' id='word_1_2' title='bbox 1035 232 1330 282; x_wconf 69' lang='lat' dir='ltr'><strong>TssAc&#39;rArus</strong></span> <span class='ocrx_word' id='word_1_3' title='bbox 1361 233 1427 278; x_wconf 74' lang='lat' dir='ltr'><strong>oe</strong></span> <span class='ocrx_word' id='word_1_4' title='bbox 1457 196 1606 280; x_wconf 53' lang='lat' dir='ltr'><strong>ml.</strong></span> 
     </span>
    </p>
   </div>
   <div class='ocr_carea' id='block_1_2' title="bbox 324 339 2297 3775">
    <p class='ocr_par' dir='ltr' id='par_1_2' title="bbox 354 339 2297 814">
     <span class='ocr_line' id='line_1_2' title="bbox 367 339 2281 423; baseline -0.007 -14"><span class='ocrx_word' id='word_1_5' title='bbox 367 353 695 410; x_wconf 84' lang='lat' dir='ltr'><strong>institutum</strong></span> <span class='ocrx_word' id='word_1_6' title='bbox 715 343 1100 423; x_wconf 80' lang='lat' dir='ltr'><strong>probavimus,</strong></span> <span class='ocrx_word' id='word_1_7' title='bbox 1134 339 1312 413; x_wconf 84' lang='lat' dir='ltr'>Igitur</span> <span class='ocrx_word' id='word_1_8' title='bbox 1336 339 1525 395; x_wconf 91' lang='lat' dir='ltr'><strong>dictus</strong></span> <span class='ocrx_word' id='word_1_9' title='bbox 1544 339 1826 414; x_wconf 83' lang='lat' dir='ltr'><strong>primatus</strong></span> <span class='ocrx_word' id='word_1_10' title='bbox 1851 357 2034 413; x_wconf 89' lang='lat' dir='ltr'><strong>usque</strong></span> <span class='ocrx_word' id='word_1_11' title='bbox 2055 340 2125 396; x_wconf 84' lang='lat' dir='ltr'><strong>ad</strong></span> <span class='ocrx_word' id='word_1_12' title='bbox 2146 358 2281 397; x_wconf 90' lang='lat' dir='ltr'><strong>con-</strong></span> 
     </span>
     <span class='ocr_line' id='line_1_3' title="bbox 366 437 2297 519; baseline -0.006 -12"><span class='ocrx_word' id='word_1_13' title='bbox 366 448 801 507; x_wconf 81' lang='lat' dir='ltr'>summationem</span> <span class='ocrx_word' id='word_1_14' title='bbox 835 439 1027 497; x_wconf 78' lang='lat' dir='ltr'><strong>saeculi</strong></span> <span class='ocrx_word' id='word_1_15' title='bbox 1063 439 1313 496; x_wconf 84' lang='lat' dir='ltr'><strong>exerceri</strong></span> <span class='ocrx_word' id='word_1_16' title='bbox 1352 439 1538 508; x_wconf 88' lang='lat' dir='ltr'><strong>dehet,</strong></span> <span class='ocrx_word' id='word_1_17' title='bbox 1578 456 1682 494; x_wconf 91' lang='lat' dir='ltr'><strong>nec</strong></span> <span class='ocrx_word' id='word_1_18' title='bbox 1717 457 1973 512; x_wconf 90' lang='lat' dir='ltr'><strong>unquam</strong></span> <span class='ocrx_word' id='word_1_19' title='bbox 2016 437 2297 519; x_wconf 46' lang='lat' dir='ltr'><strong>desinere·</strong></span> 
     </span>
     <span class='ocr_line' id='line_1_4' title="bbox 360 536 2267 622; baseline -0.006 -19"><span class='ocrx_word' id='word_1_20' title='bbox 360 552 561 622; x_wconf 88' lang='lat' dir='ltr'><strong>potest.</strong></span> <span class='ocrx_word' id='word_1_21' title='bbox 586 546 651 598; x_wconf 92' lang='lat' dir='ltr'><strong>At</strong></span> <span class='ocrx_word' id='word_1_22' title='bbox 671 547 899 598; x_wconf 87' lang='lat' dir='ltr'><strong>sanctus</strong></span> <span class='ocrx_word' id='word_1_23' title='bbox 916 540 1134 608; x_wconf 81' lang='lat' dir='ltr'><strong>PetruS,</strong></span> <span class='ocrx_word' id='word_1_24' title='bbox 1159 538 1257 611; x_wconf 92' lang='lat' dir='ltr'><strong>qui</strong></span> <span class='ocrx_word' id='word_1_25' title='bbox 1274 537 1498 613; x_wconf 89' lang='lat' dir='ltr'><strong>primus</strong></span> <span class='ocrx_word' id='word_1_26' title='bbox 1515 536 1828 612; x_wconf 89' lang='lat' dir='ltr'><strong>primatum</strong></span> <span class='ocrx_word' id='word_1_27' title='bbox 1853 537 2029 606; x_wconf 89' lang='lat' dir='ltr'><strong>istum</strong></span> <span class='ocrx_word' id='word_1_28' title='bbox 2053 537 2267 611; x_wconf 88' lang='lat' dir='ltr'><strong>accepit</strong></span> 
     </span>
     <span class='ocr_line' id='line_1_5' title="bbox 357 635 2277 711; baseline -0.003 -13"><span class='ocrx_word' id='word_1_29' title='bbox 357 649 409 698; x_wconf 90' lang='lat' dir='ltr'><strong>et</strong></span> <span class='ocrx_word' id='word_1_30' title='bbox 435 640 706 709; x_wconf 86' lang='lat' dir='ltr'><strong>exercuit,</strong></span> <span class='ocrx_word' id='word_1_31' title='bbox 757 639 1099 696; x_wconf 91' lang='lat' dir='ltr'><strong>interiturus</strong></span> <span class='ocrx_word' id='word_1_32' title='bbox 1123 643 1278 705; x_wconf 83' lang='lat' dir='ltr'><strong>erat3</strong></span> <span class='ocrx_word' id='word_1_33' title='bbox 1309 655 1440 711; x_wconf 89' lang='lat' dir='ltr'><strong>ergo</strong></span> <span class='ocrx_word' id='word_1_34' title='bbox 1465 635 1747 711; x_wconf 88' lang='lat' dir='ltr'><strong>ejusmodi</strong></span> <span class='ocrx_word' id='word_1_35' title='bbox 1784 635 2065 711; x_wconf 73' lang='lat' dir='ltr'>primatus</span> <span class='ocrx_word' id='word_1_36' title='bbox 2103 636 2277 693; x_wconf 88' lang='lat' dir='ltr'><strong>insti-</strong></span> 
     </span>
     <span class='ocr_line' id='line_1_6' title="bbox 354 735 2218 814; baseline -0.003 -18"><span class='ocrx_word' id='word_1_37' title='bbox 354 747 511 796; x_wconf 89' lang='lat' dir='ltr'><strong>tutus</strong></span> <span class='ocrx_word' id='word_1_38' title='bbox 533 745 618 803; x_wconf 86' lang='lat' dir='ltr'><strong>est</strong></span> <span class='ocrx_word' id='word_1_39' title='bbox 643 757 743 814; x_wconf 90' lang='lat' dir='ltr'><strong>per</strong></span> <span class='ocrx_word' id='word_1_40' title='bbox 766 754 1121 794; x_wconf 81' lang='lat' dir='ltr'><strong>successores</strong></span> <span class='ocrx_word' id='word_1_41' title='bbox 1140 736 1285 793; x_wconf 92' lang='lat' dir='ltr'><strong>Petri</strong></span> <span class='ocrx_word' id='word_1_42' title='bbox 1311 735 1734 792; x_wconf 90' lang='lat' dir='ltr'><strong>continuandus</strong></span> <span class='ocrx_word' id='word_1_43' title='bbox 1759 741 1815 791; x_wconf 91' lang='lat' dir='ltr'><strong>et</strong></span> <span class='ocrx_word' id='word_1_44' title='bbox 1848 735 2218 792; x_wconf 79' lang='lat' dir='ltr'><strong>exercendus,</strong></span> 
     </span>
    </p>

    <p class='ocr_par' dir='ltr' id='par_1_3' title="bbox 324 833 2268 3182">
     <span class='ocr_line' id='line_1_7' title="bbox 428 833 2268 914; baseline -0.002 -20"><span class='ocrx_word' id='word_1_45' title='bbox 428 839 663 914; x_wconf 89' lang='lat' dir='ltr'><strong>Insuper</strong></span> <span class='ocrx_word' id='word_1_46' title='bbox 719 838 1062 894; x_wconf 92' lang='lat' dir='ltr'><strong>constitutus</strong></span> <span class='ocrx_word' id='word_1_47' title='bbox 1112 842 1198 892; x_wconf 89' lang='lat' dir='ltr'><strong>est</strong></span> <span class='ocrx_word' id='word_1_48' title='bbox 1244 841 1476 892; x_wconf 85' lang='lat' dir='ltr'><strong>sanctus</strong></span> <span class='ocrx_word' id='word_1_49' title='bbox 1521 834 1721 891; x_wconf 91' lang='lat' dir='ltr'><strong>Petrus</strong></span> <span class='ocrx_word' id='word_1_50' title='bbox 1762 833 2022 890; x_wconf 70' lang='lat' dir='ltr'><strong>Ecclesiae</strong></span> <span class='ocrx_word' id='word_1_51' title='bbox 2068 833 2268 890; x_wconf 86' lang='lat' dir='ltr'><strong>funda-</strong></span> 
     </span>
     <span class='ocr_line' id='line_1_8' title="bbox 353 933 2267 1009; baseline -0.004 -15"><span class='ocrx_word' id='word_1_52' title='bbox 353 944 634 1009; x_wconf 84' lang='lat' dir='ltr'><strong>mentum,</strong></span> <span class='ocrx_word' id='word_1_53' title='bbox 652 937 909 994; x_wconf 92' lang='lat' dir='ltr'><strong>omnium</strong></span> <span class='ocrx_word' id='word_1_54' title='bbox 928 935 1128 993; x_wconf 90' lang='lat' dir='ltr'><strong>Christi</strong></span> <span class='ocrx_word' id='word_1_55' title='bbox 1153 953 1428 1009; x_wconf 90' lang='lat' dir='ltr'><strong>agnorum</strong></span> <span class='ocrx_word' id='word_1_56' title='bbox 1451 939 1504 990; x_wconf 94' lang='lat' dir='ltr'><strong>et</strong></span> <span class='ocrx_word' id='word_1_57' title='bbox 1523 933 1713 990; x_wconf 94' lang='lat' dir='ltr'><strong>ovium</strong></span> <span class='ocrx_word' id='word_1_58' title='bbox 1732 938 1923 1008; x_wconf 88' lang='lat' dir='ltr'><strong>pastor</strong></span> <span class='ocrx_word' id='word_1_59' title='bbox 1943 951 2267 1006; x_wconf 90' lang='lat' dir='ltr'><strong>supremus,</strong></span> 
     </span>
     <span class='ocr_line' id='line_1_9' title="bbox 350 1030 2263 1116; baseline -0.004 -22"><span class='ocrx_word' id='word_1_60' title='bbox 350 1030 595 1116; x_wconf 86' lang='lat' dir='ltr'><strong>fratrum</strong></span> <span class='ocrx_word' id='word_1_61' title='bbox 619 1037 1007 1105; x_wconf 85' lang='lat' dir='ltr'><strong>confirmator,</strong></span> <span class='ocrx_word' id='word_1_62' title='bbox 1033 1053 1253 1092; x_wconf 89' lang='lat' dir='ltr'><strong>necnon</strong></span> <span class='ocrx_word' id='word_1_63' title='bbox 1285 1052 1542 1090; x_wconf 94' lang='lat' dir='ltr'><strong>summus</strong></span> <span class='ocrx_word' id='word_1_64' title='bbox 1564 1032 1831 1105; x_wconf 84' lang='lat' dir='ltr'><strong>claviger,</strong></span> <span class='ocrx_word' id='word_1_65' title='bbox 1863 1032 1957 1088; x_wconf 93' lang='lat' dir='ltr'><strong>cui</strong></span> <span class='ocrx_word' id='word_1_66' title='bbox 1989 1037 2263 1107; x_wconf 82' lang='lat' dir='ltr'><strong>competat</strong></span> 
     </span>
     <span class='ocr_line' id='line_1_10' title="bbox 351 1132 2261 1212; baseline -0.004 -19"><span class='ocrx_word' id='word_1_67' title='bbox 351 1137 602 1193; x_wconf 88' lang='lat' dir='ltr'><strong>officium</strong></span> <span class='ocrx_word' id='word_1_68' title='bbox 630 1143 686 1194; x_wconf 93' lang='lat' dir='ltr'><strong>et</strong></span> <span class='ocrx_word' id='word_1_69' title='bbox 712 1142 958 1212; x_wconf 89' lang='lat' dir='ltr'><strong>potestas</strong></span> <span class='ocrx_word' id='word_1_70' title='bbox 981 1134 1194 1209; x_wconf 86' lang='lat' dir='ltr'><strong>ligandi</strong></span> <span class='ocrx_word' id='word_1_71' title='bbox 1229 1133 1596 1206; x_wconf 86' lang='lat' dir='ltr'><strong>solvendique</strong></span> <span class='ocrx_word' id='word_1_72' title='bbox 1628 1150 1690 1188; x_wconf 88' lang='lat' dir='ltr'><strong>ac</strong></span> <span class='ocrx_word' id='word_1_73' title='bbox 1720 1132 1995 1188; x_wconf 89' lang='lat' dir='ltr'><strong>coelorum</strong></span> <span class='ocrx_word' id='word_1_74' title='bbox 2023 1148 2261 1204; x_wconf 90' lang='lat' dir='ltr'><strong>regnum</strong></span> 
     </span>
     <span class='ocr_line' id='line_1_11' title="bbox 350 1229 2267 1310; baseline -0.002 -20"><span class='ocrx_word' id='word_1_75' title='bbox 350 1235 659 1310; x_wconf 91' lang='lat' dir='ltr'><strong>aperiendi.</strong></span> <span class='ocrx_word' id='word_1_76' title='bbox 692 1234 978 1308; x_wconf 88' lang='lat' dir='ltr'><strong>Ejusmodi</strong></span> <span class='ocrx_word' id='word_1_77' title='bbox 1001 1239 1191 1289; x_wconf 91' lang='lat' dir='ltr'><strong>autem</strong></span> <span class='ocrx_word' id='word_1_78' title='bbox 1227 1231 1605 1307; x_wconf 84' lang='lat' dir='ltr'><strong>praerogativae</strong></span> <span class='ocrx_word' id='word_1_79' title='bbox 1631 1231 1848 1286; x_wconf 91' lang='lat' dir='ltr'><strong>collatae</strong></span> <span class='ocrx_word' id='word_1_80' title='bbox 1870 1229 1977 1304; x_wconf 92' lang='lat' dir='ltr'><strong>ipsi</strong></span> <span class='ocrx_word' id='word_1_81' title='bbox 2008 1229 2267 1300; x_wconf 85' lang='lat' dir='ltr'><strong>fuerunt,</strong></span> 
     </span>
     <span class='ocr_line' id='line_1_12' title="bbox 349 1328 2266 1409; baseline -0.003 -21"><span class='ocrx_word' id='word_1_82' title='bbox 349 1351 463 1388; x_wconf 92' lang='lat' dir='ltr'><strong>non</strong></span> <span class='ocrx_word' id='word_1_83' title='bbox 494 1352 627 1390; x_wconf 89' lang='lat' dir='ltr'><strong>cum</strong></span> <span class='ocrx_word' id='word_1_84' title='bbox 654 1334 776 1409; x_wconf 92' lang='lat' dir='ltr'><strong>ipso</strong></span> <span class='ocrx_word' id='word_1_85' title='bbox 808 1333 1145 1401; x_wconf 77' lang='lat' dir='ltr'><strong>interiturae,</strong></span> <span class='ocrx_word' id='word_1_86' title='bbox 1181 1331 1277 1387; x_wconf 91' lang='lat' dir='ltr'><strong>sed</strong></span> <span class='ocrx_word' id='word_1_87' title='bbox 1313 1331 1382 1387; x_wconf 88' lang='lat' dir='ltr'><strong>ad</strong></span> <span class='ocrx_word' id='word_1_88' title='bbox 1421 1331 1543 1404; x_wconf 88' lang='lat' dir='ltr'><strong>ejus</strong></span> <span class='ocrx_word' id='word_1_89' title='bbox 1577 1347 1937 1386; x_wconf 89' lang='lat' dir='ltr'><strong>successores</strong></span> <span class='ocrx_word' id='word_1_90' title='bbox 1975 1328 2266 1385; x_wconf 90' lang='lat' dir='ltr'><strong>transmit-</strong></span> 
     </span>
     <span class='ocr_line' id='line_1_13' title="bbox 324 1427 2262 1504; baseline -0.003 -19"><span class='ocrx_word' id='word_1_91' title='bbox 324 1431 556 1498; x_wconf 64' lang='lat' dir='ltr'><strong>⁴tendae;</strong></span> <span class='ocrx_word' id='word_1_92' title='bbox 585 1432 738 1504; x_wconf 91' lang='lat' dir='ltr'><strong>quod</strong></span> <span class='ocrx_word' id='word_1_93' title='bbox 760 1450 827 1487; x_wconf 86' lang='lat' dir='ltr'><strong>ex</strong></span> <span class='ocrx_word' id='word_1_94' title='bbox 854 1431 1185 1487; x_wconf 89' lang='lat' dir='ltr'><strong>earumdem</strong></span> <span class='ocrx_word' id='word_1_95' title='bbox 1211 1427 1712 1503; x_wconf 68' lang='lat' dir='ltr'><strong>praerogativarum</strong></span> <span class='ocrx_word' id='word_1_96' title='bbox 1734 1434 1938 1483; x_wconf 89' lang='lat' dir='ltr'><strong>natura</strong></span> <span class='ocrx_word' id='word_1_97' title='bbox 1960 1427 2123 1482; x_wconf 84' lang='lat' dir='ltr'><strong>facile</strong></span> <span class='ocrx_word' id='word_1_98' title='bbox 2146 1427 2262 1482; x_wconf 93' lang='lat' dir='ltr'><strong>col-</strong></span> 
     </span>
     <span class='ocr_line' id='line_1_14' title="bbox 345 1526 2267 1600; baseline -0.001 -19"><span class='ocrx_word' id='word_1_99' title='bbox 345 1526 564 1600; x_wconf 85' lang='lat' dir='ltr'><strong>ligitur.</strong></span> <span class='ocrx_word' id='word_1_100' title='bbox 602 1529 740 1582; x_wconf 91' lang='lat' dir='ltr'><strong>Nam</strong></span> <span class='ocrx_word' id='word_1_101' title='bbox 786 1529 1222 1583; x_wconf 86' lang='lat' dir='ltr'><strong>fundamentum</strong></span> <span class='ocrx_word' id='word_1_102' title='bbox 1259 1526 1516 1580; x_wconf 82' lang='lat' dir='ltr'><strong>Ecclesiae</strong></span> <span class='ocrx_word' id='word_1_103' title='bbox 1554 1526 1623 1580; x_wconf 89' lang='lat' dir='ltr'><strong>ad</strong></span> <span class='ocrx_word' id='word_1_104' title='bbox 1656 1526 1828 1581; x_wconf 87' lang='lat' dir='ltr'><strong>finem</strong></span> <span class='ocrx_word' id='word_1_105' title='bbox 1865 1530 2050 1598; x_wconf 88' lang='lat' dir='ltr'><strong>usque</strong></span> <span class='ocrx_word' id='word_1_106' title='bbox 2091 1541 2267 1580; x_wconf 84' lang='lat' dir='ltr'><strong>saecu-</strong></span> 
     </span>
     <span class='ocr_line' id='line_1_15' title="bbox 343 1624 2267 1702; baseline -0.001 -22"><span class='ocrx_word' id='word_1_107' title='bbox 343 1626 531 1682; x_wconf 92' lang='lat' dir='ltr'><strong>lorum</strong></span> <span class='ocrx_word' id='word_1_108' title='bbox 588 1644 997 1702; x_wconf 87' lang='lat' dir='ltr'><strong>permansurae,</strong></span> <span class='ocrx_word' id='word_1_109' title='bbox 1048 1633 1131 1682; x_wconf 91' lang='lat' dir='ltr'><strong>est</strong></span> <span class='ocrx_word' id='word_1_110' title='bbox 1171 1624 1491 1681; x_wconf 89' lang='lat' dir='ltr'><strong>necessario</strong></span> <span class='ocrx_word' id='word_1_111' title='bbox 1548 1624 1991 1680; x_wconf 86' lang='lat' dir='ltr'><strong>fundamentum</strong></span> <span class='ocrx_word' id='word_1_112' title='bbox 2045 1641 2267 1699; x_wconf 86' lang='lat' dir='ltr'><strong>semper</strong></span> 
     </span>
     <span class='ocr_line' id='line_1_16' title="bbox 344 1724 2263 1801; baseline -0.001 -21"><span class='ocrx_word' id='word_1_113' title='bbox 344 1726 685 1783; x_wconf 88' lang='lat' dir='ltr'><strong>duraturum</strong></span> <span class='ocrx_word' id='word_1_114' title='bbox 698 1733 752 1783; x_wconf 91' lang='lat' dir='ltr'><strong>et</strong></span> <span class='ocrx_word' id='word_1_115' title='bbox 766 1745 1231 1801; x_wconf 85' lang='lat' dir='ltr'><strong>permansurum,</strong></span> <span class='ocrx_word' id='word_1_116' title='bbox 1249 1725 1327 1779; x_wconf 90' lang='lat' dir='ltr'><strong>ita</strong></span> <span class='ocrx_word' id='word_1_117' title='bbox 1342 1731 1405 1780; x_wconf 93' lang='lat' dir='ltr'><strong>ut</strong></span> <span class='ocrx_word' id='word_1_118' title='bbox 1425 1730 1821 1798; x_wconf 84' lang='lat' dir='ltr'><strong>permanenter</strong></span> <span class='ocrx_word' id='word_1_119' title='bbox 1837 1742 2020 1796; x_wconf 83' lang='lat' dir='ltr'><strong>usque</strong></span> <span class='ocrx_word' id='word_1_120' title='bbox 2039 1724 2109 1779; x_wconf 89' lang='lat' dir='ltr'><strong>ad</strong></span> <span class='ocrx_word' id='word_1_121' title='bbox 2131 1742 2263 1780; x_wconf 90' lang='lat' dir='ltr'><strong>con-</strong></span> 
     </span>
     <span class='ocr_line' id='line_1_17' title="bbox 343 1823 2258 1898; baseline -0.001 -18"><span class='ocrx_word' id='word_1_122' title='bbox 343 1827 781 1882; x_wconf 89' lang='lat' dir='ltr'><strong>summationem</strong></span> <span class='ocrx_word' id='word_1_123' title='bbox 807 1826 998 1882; x_wconf 89' lang='lat' dir='ltr'><strong>saeculi</strong></span> <span class='ocrx_word' id='word_1_124' title='bbox 1027 1825 1335 1881; x_wconf 86' lang='lat' dir='ltr'><strong>Ecclesiam</strong></span> <span class='ocrx_word' id='word_1_125' title='bbox 1365 1829 1671 1890; x_wconf 83' lang='lat' dir='ltr'><strong>sustentet3</strong></span> <span class='ocrx_word' id='word_1_126' title='bbox 1702 1824 2016 1898; x_wconf 77' lang='lat' dir='ltr'><strong>praesertim</strong></span> <span class='ocrx_word' id='word_1_127' title='bbox 2041 1842 2171 1879; x_wconf 88' lang='lat' dir='ltr'><strong>cum</strong></span> <span class='ocrx_word' id='word_1_128' title='bbox 2189 1823 2258 1879; x_wconf 92' lang='lat' dir='ltr'><strong>de</strong></span> 
     </span>
     <span class='ocr_line' id='line_1_18' title="bbox 342 1923 2263 1999; baseline -0.001 -19"><span class='ocrx_word' id='word_1_129' title='bbox 342 1931 501 1999; x_wconf 88' lang='lat' dir='ltr'><strong>petra</strong></span> <span class='ocrx_word' id='word_1_130' title='bbox 536 1925 643 1981; x_wconf 91' lang='lat' dir='ltr'><strong>ista</strong></span> <span class='ocrx_word' id='word_1_131' title='bbox 683 1925 1094 1981; x_wconf 86' lang='lat' dir='ltr'><strong>fundamentali</strong></span> <span class='ocrx_word' id='word_1_132' title='bbox 1140 1924 1357 1980; x_wconf 90' lang='lat' dir='ltr'><strong>dictum</strong></span> <span class='ocrx_word' id='word_1_133' title='bbox 1396 1941 1426 1978; x_wconf 91' lang='lat' dir='ltr'><strong>a</strong></span> <span class='ocrx_word' id='word_1_134' title='bbox 1454 1923 1669 1979; x_wconf 89' lang='lat' dir='ltr'><strong>Christo</strong></span> <span class='ocrx_word' id='word_1_135' title='bbox 1702 1924 1795 1992; x_wconf 85' lang='lat' dir='ltr'><strong>sit,</strong></span> <span class='ocrx_word' id='word_1_136' title='bbox 1846 1942 2141 1996; x_wconf 91' lang='lat' dir='ltr'><strong>nunquam</strong></span> <span class='ocrx_word' id='word_1_137' title='bbox 2174 1923 2263 1979; x_wconf 89' lang='lat' dir='ltr'><strong>ad-</strong></span> 
     </span>
     <span class='ocr_line' id='line_1_19' title="bbox 341 2024 2258 2099; baseline -0.001 -20"><span class='ocrx_word' id='word_1_138' title='bbox 341 2042 535 2079; x_wconf 92' lang='lat' dir='ltr'><strong>versus</strong></span> <span class='ocrx_word' id='word_1_139' title='bbox 572 2042 694 2080; x_wconf 89' lang='lat' dir='ltr'><strong>eam</strong></span> <span class='ocrx_word' id='word_1_140' title='bbox 732 2025 1121 2099; x_wconf 89' lang='lat' dir='ltr'><strong>praevalituras</strong></span> <span class='ocrx_word' id='word_1_141' title='bbox 1164 2024 1473 2080; x_wconf 86' lang='lat' dir='ltr'><strong>inferorum</strong></span> <span class='ocrx_word' id='word_1_142' title='bbox 1518 2029 1730 2097; x_wconf 81' lang='lat' dir='ltr'><strong>portaS.</strong></span> <span class='ocrx_word' id='word_1_143' title='bbox 1776 2024 1913 2079; x_wconf 90' lang='lat' dir='ltr'><strong>Item</strong></span> <span class='ocrx_word' id='word_1_144' title='bbox 1955 2041 2258 2098; x_wconf 90' lang='lat' dir='ltr'><strong>supremus</strong></span> 
     </span>
     <span class='ocr_line' id='line_1_20' title="bbox 342 2121 2253 2197; baseline 0.001 -20"><span class='ocrx_word' id='word_1_145' title='bbox 342 2122 595 2178; x_wconf 90' lang='lat' dir='ltr'><strong>omnium</strong></span> <span class='ocrx_word' id='word_1_146' title='bbox 634 2123 835 2179; x_wconf 84' lang='lat' dir='ltr'><strong>Christi</strong></span> <span class='ocrx_word' id='word_1_147' title='bbox 866 2123 1119 2179; x_wconf 88' lang='lat' dir='ltr'><strong>fidelium</strong></span> <span class='ocrx_word' id='word_1_148' title='bbox 1163 2128 1377 2197; x_wconf 87' lang='lat' dir='ltr'><strong>pastor,</strong></span> <span class='ocrx_word' id='word_1_149' title='bbox 1413 2140 1745 2196; x_wconf 88' lang='lat' dir='ltr'><strong>permanere</strong></span> <span class='ocrx_word' id='word_1_150' title='bbox 1788 2122 1949 2178; x_wconf 85' lang='lat' dir='ltr'><strong>debet</strong></span> <span class='ocrx_word' id='word_1_151' title='bbox 1979 2121 2253 2194; x_wconf 89' lang='lat' dir='ltr'><strong>quamdiu</strong></span> 
     </span>
     <span class='ocr_line' id='line_1_21' title="bbox 340 2220 2255 2296; baseline 0.001 -21"><span class='ocrx_word' id='word_1_152' title='bbox 340 2222 714 2277; x_wconf 86' lang='lat' dir='ltr'><strong>remanebunt</strong></span> <span class='ocrx_word' id='word_1_153' title='bbox 760 2221 1027 2296; x_wconf 87' lang='lat' dir='ltr'><strong>pascendi</strong></span> <span class='ocrx_word' id='word_1_154' title='bbox 1079 2220 1295 2290; x_wconf 84' lang='lat' dir='ltr'><strong>fideles,</strong></span> <span class='ocrx_word' id='word_1_155' title='bbox 1338 2220 1393 2275; x_wconf 91' lang='lat' dir='ltr'><strong>id</strong></span> <span class='ocrx_word' id='word_1_156' title='bbox 1440 2225 1524 2276; x_wconf 89' lang='lat' dir='ltr'><strong>est</strong></span> <span class='ocrx_word' id='word_1_157' title='bbox 1559 2238 1743 2293; x_wconf 93' lang='lat' dir='ltr'><strong>usque</strong></span> <span class='ocrx_word' id='word_1_158' title='bbox 1783 2220 1858 2275; x_wconf 74' lang='lat' dir='ltr'><strong>‚ad</strong></span> <span class='ocrx_word' id='word_1_159' title='bbox 1895 2239 2255 2282; x_wconf 84' lang='lat' dir='ltr'><strong>consumma-</strong></span> 
     </span>
     <span class='ocr_line' id='line_1_22' title="bbox 338 2319 2255 2395; baseline -0.001 -20"><span class='ocrx_word' id='word_1_160' title='bbox 338 2321 550 2377; x_wconf 85' lang='lat' dir='ltr'><strong>tionem</strong></span> <span class='ocrx_word' id='word_1_161' title='bbox 572 2322 785 2378; x_wconf 87' lang='lat' dir='ltr'><strong>saeculi.</strong></span> <span class='ocrx_word' id='word_1_162' title='bbox 813 2323 950 2377; x_wconf 90' lang='lat' dir='ltr'><strong>ltem</strong></span> <span class='ocrx_word' id='word_1_163' title='bbox 976 2338 1279 2395; x_wconf 91' lang='lat' dir='ltr'><strong>supremus</strong></span> <span class='ocrx_word' id='word_1_164' title='bbox 1307 2320 1565 2375; x_wconf 90' lang='lat' dir='ltr'><strong>omnium</strong></span> <span class='ocrx_word' id='word_1_165' title='bbox 1589 2319 1835 2374; x_wconf 84' lang='lat' dir='ltr'><strong>fratrum</strong></span> <span class='ocrx_word' id='word_1_166' title='bbox 1871 2319 2255 2383; x_wconf 84' lang='lat' dir='ltr'><strong>confirmator,</strong></span> 
     </span>
     <span class='ocr_line' id='line_1_23' title="bbox 338 2417 2257 2494; baseline -0.001 -19"><span class='ocrx_word' id='word_1_167' title='bbox 338 2419 467 2475; x_wconf 89' lang='lat' dir='ltr'><strong>talis</strong></span> <span class='ocrx_word' id='word_1_168' title='bbox 497 2438 619 2476; x_wconf 90' lang='lat' dir='ltr'><strong>esse</strong></span> <span class='ocrx_word' id='word_1_169' title='bbox 644 2420 864 2493; x_wconf 90' lang='lat' dir='ltr'><strong>nequit,</strong></span> <span class='ocrx_word' id='word_1_170' title='bbox 895 2420 1005 2475; x_wconf 91' lang='lat' dir='ltr'><strong>nisi</strong></span> <span class='ocrx_word' id='word_1_171' title='bbox 1046 2424 1375 2494; x_wconf 88' lang='lat' dir='ltr'><strong>permaneat</strong></span> <span class='ocrx_word' id='word_1_172' title='bbox 1414 2417 1688 2491; x_wconf 87' lang='lat' dir='ltr'><strong>quamdiu</strong></span> <span class='ocrx_word' id='word_1_173' title='bbox 1714 2420 2089 2476; x_wconf 88' lang='lat' dir='ltr'><strong>remanebunt</strong></span> <span class='ocrx_word' id='word_1_174' title='bbox 2122 2438 2257 2475; x_wconf 88' lang='lat' dir='ltr'><strong>con-</strong></span> 
     </span>
     <span class='ocr_line' id='line_1_24' title="bbox 337 2516 2252 2592; baseline 0.001 -22"><span class='ocrx_word' id='word_1_175' title='bbox 337 2516 599 2573; x_wconf 87' lang='lat' dir='ltr'><strong>firmandi</strong></span> <span class='ocrx_word' id='word_1_176' title='bbox 626 2519 846 2574; x_wconf 77' lang='lat' dir='ltr'><strong>fratres</strong></span> <span class='ocrx_word' id='word_1_177' title='bbox 878 2519 942 2574; x_wconf 90' lang='lat' dir='ltr'><strong>Et</strong></span> <span class='ocrx_word' id='word_1_178' title='bbox 972 2517 1200 2574; x_wconf 89' lang='lat' dir='ltr'><strong>tandem</strong></span> <span class='ocrx_word' id='word_1_179' title='bbox 1226 2523 1478 2592; x_wconf 88' lang='lat' dir='ltr'><strong>perstare</strong></span> <span class='ocrx_word' id='word_1_180' title='bbox 1502 2518 1669 2573; x_wconf 91' lang='lat' dir='ltr'><strong>debet</strong></span> <span class='ocrx_word' id='word_1_181' title='bbox 1693 2536 1956 2574; x_wconf 79' lang='lat' dir='ltr'><strong>summus</strong></span> <span class='ocrx_word' id='word_1_182' title='bbox 1987 2518 2252 2591; x_wconf 85' lang='lat' dir='ltr'><strong>claviger,</strong></span> 
     </span>
     <span class='ocr_line' id='line_1_25' title="bbox 335 2617 2250 2692; baseline 0.001 -21"><span class='ocrx_word' id='word_1_183' title='bbox 335 2617 575 2672; x_wconf 92' lang='lat' dir='ltr'><strong>clavium</strong></span> <span class='ocrx_word' id='word_1_184' title='bbox 602 2624 936 2692; x_wconf 89' lang='lat' dir='ltr'><strong>potestatem</strong></span> <span class='ocrx_word' id='word_1_185' title='bbox 965 2636 1254 2686; x_wconf 81' lang='lat' dir='ltr'><strong>exercenS,</strong></span> <span class='ocrx_word' id='word_1_186' title='bbox 1290 2618 1564 2690; x_wconf 90' lang='lat' dir='ltr'><strong>quamdiu</strong></span> <span class='ocrx_word' id='word_1_187' title='bbox 1592 2618 1969 2674; x_wconf 89' lang='lat' dir='ltr'><strong>remanebunt</strong></span> <span class='ocrx_word' id='word_1_188' title='bbox 1995 2618 2250 2674; x_wconf 90' lang='lat' dir='ltr'><strong>homines</strong></span> 
     </span>
     <span class='ocr_line' id='line_1_26' title="bbox 335 2715 2247 2791; baseline 0 -21"><span class='ocrx_word' id='word_1_189' title='bbox 335 2715 543 2787; x_wconf 88' lang='lat' dir='ltr'><strong>quibus</strong></span> <span class='ocrx_word' id='word_1_190' title='bbox 555 2717 763 2772; x_wconf 90' lang='lat' dir='ltr'><strong>coelum</strong></span> <span class='ocrx_word' id='word_1_191' title='bbox 777 2716 1144 2791; x_wconf 87' lang='lat' dir='ltr'><strong>aperiendum</strong></span> <span class='ocrx_word' id='word_1_192' title='bbox 1165 2715 1295 2786; x_wconf 82' lang='lat' dir='ltr'><strong>erit,</strong></span> <span class='ocrx_word' id='word_1_193' title='bbox 1321 2716 1377 2771; x_wconf 95' lang='lat' dir='ltr'><strong>id</strong></span> <span class='ocrx_word' id='word_1_194' title='bbox 1406 2723 1510 2787; x_wconf 74' lang='lat' dir='ltr'><strong>est,</strong></span> <span class='ocrx_word' id='word_1_195' title='bbox 1533 2716 1806 2789; x_wconf 90' lang='lat' dir='ltr'><strong>quamdiu</strong></span> <span class='ocrx_word' id='word_1_196' title='bbox 1830 2715 1950 2790; x_wconf 91' lang='lat' dir='ltr'><strong>ipsa</strong></span> <span class='ocrx_word' id='word_1_197' title='bbox 1971 2715 2247 2790; x_wconf 79' lang='lat' dir='ltr'><strong>perstabit</strong></span> 
     </span>
     <span class='ocr_line' id='line_1_27' title="bbox 334 2811 2245 2890; baseline 0.003 -25"><span class='ocrx_word' id='word_1_198' title='bbox 334 2811 535 2867; x_wconf 87' lang='lat' dir='ltr'><strong>Christi</strong></span> <span class='ocrx_word' id='word_1_199' title='bbox 577 2814 839 2870; x_wconf 88' lang='lat' dir='ltr'><strong>Ecclesia.</strong></span> <span class='ocrx_word' id='word_1_200' title='bbox 878 2816 1072 2870; x_wconf 89' lang='lat' dir='ltr'><strong>Petrus</strong></span> <span class='ocrx_word' id='word_1_201' title='bbox 1119 2821 1306 2870; x_wconf 89' lang='lat' dir='ltr'><strong>autem</strong></span> <span class='ocrx_word' id='word_1_202' title='bbox 1347 2821 1543 2890; x_wconf 88' lang='lat' dir='ltr'><strong>utpote</strong></span> <span class='ocrx_word' id='word_1_203' title='bbox 1584 2814 1754 2871; x_wconf 86' lang='lat' dir='ltr'><strong>morti</strong></span> <span class='ocrx_word' id='word_1_204' title='bbox 1790 2814 2090 2882; x_wconf 84' lang='lat' dir='ltr'><strong>obnoxiuS,</strong></span> <span class='ocrx_word' id='word_1_205' title='bbox 2123 2815 2245 2870; x_wconf 89' lang='lat' dir='ltr'><strong>haec</strong></span> 
     </span>
     <span class='ocr_line' id='line_1_28' title="bbox 336 2910 2240 2988; baseline 0.003 -24"><span class='ocrx_word' id='word_1_206' title='bbox 336 2910 522 2965; x_wconf 89' lang='lat' dir='ltr'><strong>omnia</strong></span> <span class='ocrx_word' id='word_1_207' title='bbox 546 2917 814 2985; x_wconf 86' lang='lat' dir='ltr'><strong>praestare</strong></span> <span class='ocrx_word' id='word_1_208' title='bbox 847 2931 963 2966; x_wconf 91' lang='lat' dir='ltr'><strong>non</strong></span> <span class='ocrx_word' id='word_1_209' title='bbox 996 2913 1200 2986; x_wconf 89' lang='lat' dir='ltr'><strong>potuit.</strong></span> <span class='ocrx_word' id='word_1_210' title='bbox 1231 2914 1375 2985; x_wconf 89' lang='lat' dir='ltr'><strong>Ergo</strong></span> <span class='ocrx_word' id='word_1_211' title='bbox 1401 2919 1648 2987; x_wconf 89' lang='lat' dir='ltr'><strong>potestas</strong></span> <span class='ocrx_word' id='word_1_212' title='bbox 1680 2914 1833 2970; x_wconf 90' lang='lat' dir='ltr'><strong>hisce</strong></span> <span class='ocrx_word' id='word_1_213' title='bbox 1856 2914 2240 2988; x_wconf 76' lang='lat' dir='ltr'><strong>praerogativis</strong></span> 
     </span>
     <span class='ocr_line' id='line_1_29' title="bbox 334 3009 2244 3085; baseline 0.003 -23"><span class='ocrx_word' id='word_1_214' title='bbox 334 3025 592 3083; x_wconf 86' lang='lat' dir='ltr'><strong>expressa</strong></span> <span class='ocrx_word' id='word_1_215' title='bbox 636 3009 836 3064; x_wconf 91' lang='lat' dir='ltr'><strong>collata</strong></span> <span class='ocrx_word' id='word_1_216' title='bbox 877 3009 986 3083; x_wconf 90' lang='lat' dir='ltr'><strong>ipsi</strong></span> <span class='ocrx_word' id='word_1_217' title='bbox 1030 3010 1158 3079; x_wconf 88' lang='lat' dir='ltr'><strong>fuit,</strong></span> <span class='ocrx_word' id='word_1_218' title='bbox 1197 3029 1312 3065; x_wconf 92' lang='lat' dir='ltr'><strong>non</strong></span> <span class='ocrx_word' id='word_1_219' title='bbox 1355 3029 1486 3066; x_wconf 90' lang='lat' dir='ltr'><strong>cum</strong></span> <span class='ocrx_word' id='word_1_220' title='bbox 1522 3011 1646 3085; x_wconf 93' lang='lat' dir='ltr'><strong>ipso</strong></span> <span class='ocrx_word' id='word_1_221' title='bbox 1683 3011 2006 3080; x_wconf 80' lang='lat' dir='ltr'><strong>interitura,</strong></span> <span class='ocrx_word' id='word_1_222' title='bbox 2044 3012 2141 3067; x_wconf 92' lang='lat' dir='ltr'><strong>sed</strong></span> <span class='ocrx_word' id='word_1_223' title='bbox 2176 3012 2244 3067; x_wconf 91' lang='lat' dir='ltr'><strong>ad</strong></span> 
     </span>
     <span class='ocr_line' id='line_1_30' title="bbox 334 3109 1333 3182; baseline 0.001 -19"><span class='ocrx_word' id='word_1_224' title='bbox 334 3125 687 3164; x_wconf 85' lang='lat' dir='ltr'><strong>successores</strong></span> <span class='ocrx_word' id='word_1_225' title='bbox 712 3109 833 3182; x_wconf 85' lang='lat' dir='ltr'><strong>ejus</strong></span> <span class='ocrx_word' id='word_1_226' title='bbox 859 3109 1333 3165; x_wconf 76' lang='lat' dir='ltr'><strong>transfundenda.</strong></span> 
     </span>
    </p>

    <p class='ocr_par' dir='ltr' id='par_1_4' title="bbox 332 3205 2267 3775">
     <span class='ocr_line' id='line_1_31' title="bbox 407 3205 2247 3284; baseline 0.002 -23"><span class='ocrx_word' id='word_1_227' title='bbox 407 3205 677 3262; x_wconf 80' lang='lat' dir='ltr'><strong>Praeterea</strong></span> <span class='ocrx_word' id='word_1_228' title='bbox 703 3206 1009 3263; x_wconf 89' lang='lat' dir='ltr'><strong>constituta</strong></span> <span class='ocrx_word' id='word_1_229' title='bbox 1036 3206 1143 3263; x_wconf 89' lang='lat' dir='ltr'><strong>fuit</strong></span> <span class='ocrx_word' id='word_1_230' title='bbox 1168 3207 1410 3263; x_wconf 90' lang='lat' dir='ltr'><strong>Ecclesia</strong></span> <span class='ocrx_word' id='word_1_231' title='bbox 1429 3225 1560 3263; x_wconf 91' lang='lat' dir='ltr'><strong>cum</strong></span> <span class='ocrx_word' id='word_1_232' title='bbox 1582 3225 1646 3263; x_wconf 90' lang='lat' dir='ltr'><strong>ea</strong></span> <span class='ocrx_word' id='word_1_233' title='bbox 1666 3207 1845 3263; x_wconf 88' lang='lat' dir='ltr'><strong>forma</strong></span> <span class='ocrx_word' id='word_1_234' title='bbox 1865 3220 2036 3281; x_wconf 87' lang='lat' dir='ltr'><strong>quam</strong></span> <span class='ocrx_word' id='word_1_235' title='bbox 2061 3209 2247 3284; x_wconf 88' lang='lat' dir='ltr'><strong>expri-</strong></span> 
     </span>
     <span class='ocr_line' id='line_1_32' title="bbox 334 3304 2246 3381; baseline 0.003 -23"><span class='ocrx_word' id='word_1_236' title='bbox 334 3309 497 3359; x_wconf 90' lang='lat' dir='ltr'><strong>munt</strong></span> <span class='ocrx_word' id='word_1_237' title='bbox 527 3304 708 3377; x_wconf 83' lang='lat' dir='ltr'><strong>regni,</strong></span> <span class='ocrx_word' id='word_1_238' title='bbox 746 3305 973 3377; x_wconf 90' lang='lat' dir='ltr'><strong>domus,</strong></span> <span class='ocrx_word' id='word_1_239' title='bbox 1004 3305 1167 3361; x_wconf 91' lang='lat' dir='ltr'><strong>ovilis</strong></span> <span class='ocrx_word' id='word_1_240' title='bbox 1192 3310 1245 3362; x_wconf 93' lang='lat' dir='ltr'><strong>et</strong></span> <span class='ocrx_word' id='word_1_241' title='bbox 1266 3305 1517 3381; x_wconf 90' lang='lat' dir='ltr'><strong>corporis</strong></span> <span class='ocrx_word' id='word_1_242' title='bbox 1551 3307 1919 3381; x_wconf 82' lang='lat' dir='ltr'><strong>metaphorae3</strong></span> <span class='ocrx_word' id='word_1_243' title='bbox 1947 3307 1993 3362; x_wconf 90' lang='lat' dir='ltr'><strong>si</strong></span> <span class='ocrx_word' id='word_1_244' title='bbox 2019 3306 2246 3380; x_wconf 91' lang='lat' dir='ltr'><strong>quidem</strong></span> 
     </span>
     <span class='ocr_line' id='line_1_33' title="bbox 332 3403 2246 3481; baseline 0.003 -24"><span class='ocrx_word' id='word_1_245' title='bbox 332 3419 454 3457; x_wconf 90' lang='lat' dir='ltr'><strong>eam</strong></span> <span class='ocrx_word' id='word_1_246' title='bbox 488 3404 593 3460; x_wconf 90' lang='lat' dir='ltr'><strong>sub</strong></span> <span class='ocrx_word' id='word_1_247' title='bbox 622 3403 901 3478; x_wconf 86' lang='lat' dir='ltr'><strong>ejusmodi</strong></span> <span class='ocrx_word' id='word_1_248' title='bbox 942 3404 1090 3479; x_wconf 79' lang='lat' dir='ltr'><strong>typis</strong></span> <span class='ocrx_word' id='word_1_249' title='bbox 1116 3404 1174 3460; x_wconf 92' lang='lat' dir='ltr'><strong>in</strong></span> <span class='ocrx_word' id='word_1_250' title='bbox 1201 3423 1360 3461; x_wconf 88' lang='lat' dir='ltr'><strong>sacra</strong></span> <span class='ocrx_word' id='word_1_251' title='bbox 1383 3405 1676 3481; x_wconf 83' lang='lat' dir='ltr'><strong>Scriptura</strong></span> <span class='ocrx_word' id='word_1_252' title='bbox 1707 3406 2049 3463; x_wconf 88' lang='lat' dir='ltr'><strong>delineatam</strong></span> <span class='ocrx_word' id='word_1_253' title='bbox 2091 3424 2246 3480; x_wconf 90' lang='lat' dir='ltr'><strong>repe-</strong></span> 
     </span>
     <span class='ocr_line' id='line_1_34' title="bbox 334 3499 2239 3580; baseline 0.004 -27"><span class='ocrx_word' id='word_1_254' title='bbox 334 3499 536 3557; x_wconf 89' lang='lat' dir='ltr'><strong>rimus.</strong></span> <span class='ocrx_word' id='word_1_255' title='bbox 563 3501 802 3558; x_wconf 91' lang='lat' dir='ltr'><strong>Proinde</strong></span> <span class='ocrx_word' id='word_1_256' title='bbox 827 3520 1054 3560; x_wconf 89' lang='lat' dir='ltr'><strong>necesse</strong></span> <span class='ocrx_word' id='word_1_257' title='bbox 1077 3509 1162 3560; x_wconf 92' lang='lat' dir='ltr'><strong>est</strong></span> <span class='ocrx_word' id='word_1_258' title='bbox 1186 3510 1249 3560; x_wconf 92' lang='lat' dir='ltr'><strong>ut</strong></span> <span class='ocrx_word' id='word_1_259' title='bbox 1267 3505 1511 3561; x_wconf 87' lang='lat' dir='ltr'><strong>Ecclesia</strong></span> <span class='ocrx_word' id='word_1_260' title='bbox 1535 3511 1802 3580; x_wconf 83' lang='lat' dir='ltr'><strong>typorum</strong></span> <span class='ocrx_word' id='word_1_261' title='bbox 1824 3504 2068 3559; x_wconf 87' lang='lat' dir='ltr'><strong>istorum</strong></span> <span class='ocrx_word' id='word_1_262' title='bbox 2094 3505 2239 3560; x_wconf 90' lang='lat' dir='ltr'><strong>veri-</strong></span> 
     </span>
     <span class='ocr_line' id='line_1_35' title="bbox 335 3601 2242 3676; baseline 0.005 -26"><span class='ocrx_word' id='word_1_263' title='bbox 335 3601 505 3653; x_wconf 88' lang='lat' dir='ltr'><strong>tatem</strong></span> <span class='ocrx_word' id='word_1_264' title='bbox 552 3617 773 3676; x_wconf 89' lang='lat' dir='ltr'><strong>semper</strong></span> <span class='ocrx_word' id='word_1_265' title='bbox 813 3602 1061 3659; x_wconf 86' lang='lat' dir='ltr'><strong>·retineat</strong></span> <span class='ocrx_word' id='word_1_266' title='bbox 1117 3620 1183 3659; x_wconf 86' lang='lat' dir='ltr'><strong>ac</strong></span> <span class='ocrx_word' id='word_1_267' title='bbox 1237 3602 1474 3671; x_wconf 83' lang='lat' dir='ltr'><strong>reserat;</strong></span> <span class='ocrx_word' id='word_1_268' title='bbox 1530 3622 1633 3660; x_wconf 89' lang='lat' dir='ltr'><strong>seu</strong></span> <span class='ocrx_word' id='word_1_269' title='bbox 1682 3607 1747 3658; x_wconf 89' lang='lat' dir='ltr'><strong>ut</strong></span> <span class='ocrx_word' id='word_1_270' title='bbox 1785 3617 2005 3675; x_wconf 88' lang='lat' dir='ltr'><strong>semper</strong></span> <span class='ocrx_word' id='word_1_271' title='bbox 2046 3602 2242 3659; x_wconf 86' lang='lat' dir='ltr'><strong>habeat</strong></span> 
     </span>
     <span class='ocr_line' id='line_1_36' title="bbox 335 3699 2267 3775; baseline 0.001 -21"><span class='ocrx_word' id='word_1_272' title='bbox 335 3708 543 3765; x_wconf 77' lang='lat' dir='ltr'><strong>regem,</strong></span> <span class='ocrx_word' id='word_1_273' title='bbox 575 3704 790 3770; x_wconf 88' lang='lat' dir='ltr'><strong>patrem</strong></span> <span class='ocrx_word' id='word_1_274' title='bbox 818 3699 1085 3770; x_wconf 77' lang='lat' dir='ltr'><strong>familiaS‚</strong></span> <span class='ocrx_word' id='word_1_275' title='bbox 1120 3706 1401 3773; x_wconf 87' lang='lat' dir='ltr'><strong>pastorem</strong></span> <span class='ocrx_word' id='word_1_276' title='bbox 1420 3707 1476 3757; x_wconf 90' lang='lat' dir='ltr'><strong>et</strong></span> <span class='ocrx_word' id='word_1_277' title='bbox 1498 3705 1670 3775; x_wconf 84' lang='lat' dir='ltr'><strong>caput</strong></span> <span class='ocrx_word' id='word_1_278' title='bbox 1688 3716 1718 3754; x_wconf 86' lang='lat' dir='ltr'><strong>a</strong></span> <span class='ocrx_word' id='word_1_279' title='bbox 1746 3716 1854 3772; x_wconf 93' lang='lat' dir='ltr'><strong>quo</strong></span> <span class='ocrx_word' id='word_1_280' title='bbox 1873 3699 2239 3771; x_wconf 85' lang='lat' dir='ltr'><strong>gubernetur.</strong></span> <span class='ocrx_word' id='word_1_281' title='bbox 2261 3723 2267 3732; x_wconf 87' lang='lat'><strong>·</strong></span> 
     </span>
    </p>
   </div>
  </div>
 </body>
</html>
