2372 4108
914 248 1038 295 PARS
1067 247 1238 295 Pium.
1660 251 1661 255 ’
1965 248 2022 298 6Ί

138 370 252 432 tuS,
291 378 355 416 ac
394 358 488 416 alii
535 355 741 414 eruditi
786 354 970 413 multi.
1003 352 1082 408 lbi
1134 369 1298 428 porro
1342 352 1523 409 sancti
1552 351 1696 410 Petri
1735 353 2022 413 Romanus

138 459 486 534 episcopatus
509 455 701 529 plenos
723 450 918 524 viginti
943 449 1194 522 quinque
1215 467 1393 506 annos
1418 456 1668 526 occupat.

212 554 480 629 Equidem
503 549 944 608 vetustissimum
985 546 1154 618 hujus
1187 547 1421 620 catalogi
1463 550 1870 624 autographum
1907 555 2023 608 tex-

138 663 256 711 tum
294 655 409 727 jam
437 667 549 707 non
585 654 770 706 extare
801 648 961 719 putat
985 643 1245 699 laudatus
1274 643 1650 702 Schelstratus
1682 648 1926 719 (Dissert.
1956 651 2026 708 de

139 751 383 823 antiquis
413 749 786 803 Romanorum
821 740 1148 796 Pontificum
1186 739 1472 813 catalogis,
1497 759 1621 816 cap.
1645 744 1739 816 m).
1779 746 1885 802 Sed
1928 749 2025 804 ha-

136 848 254 904 beri
274 846 471 902 saltem
505 841 804 913 antiquum
832 837 1117 911 exemplar
1149 854 1261 909 quo
1288 855 1428 893 usus
1460 838 1593 892 olim
1619 845 1699 894 est
1733 841 2024 916 Cuspinia-

138 962 266 1013 nus,
292 947 530 999 testatur
556 937 882 995 Lambecius
911 935 1032 1005 (lib.
1056 935 1119 990 lv
1137 935 1350 991 Comm.
1371 934 1632 992 biblioth.
1665 936 1890 1011 Caesar.)
1917 941 2025 996 hoc

139 1041 330 1097 modo:
365 1040 602 1095 Eoeimius
633 1036 796 1092 codex
828 1035 1233 1106 manuscriptus,
1268 1050 1418 1105 quem
1454 1032 1738 1090 Bucherius
1765 1036 1951 1093 laudat
1977 1045 2028 1094 et

136 1140 419 1209 desiderat,
456 1142 693 1210 superest
726 1135 1025 1189 etiamnunc
1052 1133 1107 1186 iu
1140 1130 1523 1203 Auqustissima
1554 1130 1795 1188 Gaesarea
1835 1134 2028 1191 Vindo-

137 1237 348 1291 bouensi
375 1234 681 1290 bibliotheca
705 1249 844 1304 aeque
869 1232 1091 1302 iuteqer,
1121 1237 1180 1284 ut
1201 1231 1312 1303 ipse
1334 1229 1632 1302 Cuspianus
1658 1249 1718 1286 eo
1755 1232 1879 1287 olim
1901 1252 2029 1290 usus

140 1341 235 1387 est.
276 1331 414 1395 Quid
456 1336 643 1386 autem
688 1330 744 1384 in
780 1331 884 1384 hoc
915 1346 1025 1400 quo
1052 1344 1190 1382 usus
1220 1333 1302 1382 est
1337 1327 1716 1402 manuscripto
1741 1329 2028 1402 legeretur

140 1429 307 1483 refert
326 1428 444 1502 ipse
456 1428 693 1482 Joannes
706 1424 1084 1498 Cuspinianus
1102 1423 1330 1491 (Comm.
1349 1423 1409 1477 in
1428 1423 1570 1479 fasta
1588 1425 1795 1480 Aurelii
1813 1427 2027 1482 Cassio-

142 1523 282 1591 dori,
311 1523 378 1577 ad
410 1540 619 1577 annum
651 1521 809 1575 Urbis
833 1519 1070 1574 conditae
1094 1519 1222 1590 781)
1247 1519 1334 1573 his
1359 1519 1542 1574 verbis
1565 1541 1576 1572 :
1610 1520 1804 1576 Dehine
1827 1525 2026 1596 majus-

142 1622 268 1676 culis
287 1607 476 1675 litteris
502 1619 827 1690 subjuuyitur
845 1638 861 1668 .-
893 1617 1083 1670 Pnrnos
1109 1634 1247 1669 amis
1274 1634 1443 1670 VIGINTI
1473 1635 1698 1687 Qumous,
1719 1638 1875 1673 MENSE
1903 1639 2025 1692 uno,

139 1735 303 1771 nii-:nus
338 1734 518 1770 novam.
553 1714 708 1776 Quod
739 1718 923 1767 autem
957 1711 1140 1766 dictus
1179 1711 1466 1783 catalogus
1496 1712 1601 1766 sub
1637 1713 1852 1769 Liberio
1884 1717 2026 1791 Papa

137 1812 487 1885 conscriptus
511 1810 605 1878 sit,
638 1815 856 1864 certum
885 1812 1279 1879 argumentum
1305 1812 1410 1874 est,
1441 1825 1570 1862 eum
1598 1808 1658 1862 in
1686 1810 1859 1882 hujus
1890 1813 2028 1867 Pon-

139 1908 299 1964 tificis
325 1906 645 1963 recensione
673 1905 946 1972 desinere,
977 1921 1088 1958 non
1120 1902 1416 1975 assignatis
1444 1904 1805 1962 Pontificatus
1836 1910 2024 1979 annis,

138 2023 238 2061 nec
278 2004 627 2072 consulibus,
666 2022 766 2059 nec
796 2003 992 2058 mortis
1019 2008 1290 2076 tempore.
1329 2002 1390 2056 Et
1409 2001 1497 2070 sita
1524 2005 1867 2077 caeteroquin
1901 2025 2029 2063 sen-

138 2105 303 2171 tiunt,
337 2104 481 2159 inter
525 2108 748 2158 caetcros
781 2101 1094 2158 eruditione
1123 2100 1482 2174 conspicUOS,
1506 2100 1758 2158 Petavius
1786 2110 1838 2159 et
1866 2105 2027 2161 Pear-

139 2201 352 2255 sonius.
384 2199 471 2255 Sic
516 2199 677 2255 habet
714 2185 1072 2254 doctissimus
1112 2197 1364 2253 Petavius
1407 2198 1787 2271 (rationarium
1833 2211 2028 2277 tempo·

139 2316 276 2367 rum,
311 2298 409 2354 lib.
437 2298 497 2366 V,
543 2316 662 2372 cap.
690 2302 745 2369 v)
778 2319 788 2350 :
829 2297 983 2353 Vetus
1019 2297 1280 2352 indiculus
1311 2296 1667 2353 Romanorum
1710 2300 2027 2374 Pontificum

142 2395 327 2448 Liber-ii
354 2402 580 2466 tempore
595 2403 885 2463 contextus,
914 2412 1064 2466 quem
1082 2413 1246 2467 penes
1270 2413 1366 2450 uos
1393 2396 1665 2451 habemus.
1695 2397 1832 2452 Item
1868 2398 2028 2454 Pear-

145 2487 356 2555 sonius,
397 2487 497 2543 etsi
531 2505 561 2542 e
596 2490 1026 2561 protestantium
1061 2497 1232 2558 secta,
1267 2498 1319 2546 et
1353 2493 1456 2546 hoc
1504 2493 1729 2548 nomine
1769 2494 1893 2548 Sedi
1923 2495 2027 2550 Ro—

146 2600 319 2654 manae
346 2583 492 2637 haud
510 2601 707 2657 parum
738 2584 1012 2655 infensuS,
1046 2587 1124 2642 sic
1150 2587 1349 2642 asserit
1371 2608 1382 2639 :
1418 2589 1655 2660 Scriptus
1679 2599 1755 2644 est
1782 2591 1862 2644 hic
1887 2600 2028 2647 cata-

143 2680 286 2749 onus
312 2682 402 2734 sub
432 2682 741 2752 pontificatu
782 2680 989 2747 Liberii,
1020 2685 1099 2736 cui
1133 2684 1376 2737 successit
1400 2683 1688 2738 Damasus.
1725 2684 1839 2740 Fuit
1868 2689 2029 2758 igitur

143 2778 250 2846 ejus
274 2785 455 2831 auctor
478 2780 591 2851 ipso
614 2778 927 2851 Hieronymo
945 2781 1107 2851 paulo
1135 2782 1399 2852 antiquior
1431 2781 1681 2854 (Dissert.
1707 2782 1774 2837 dc
1805 2802 2025 2841 succes-

145 2870 295 2927 sione
325 2872 634 2946 primorum
663 2875 1039 2931 Romanorum
1064 2876 1413 2945 Pontificum,
1438 2895 1558 2952 cap.
1588 2881 1720 2951 xm).

216 2963 461 3025 Notanda
499 2971 666 3026 etiam
702 2972 935 3046 hujusce
970 2974 1202 3046 catalogi
1233 2976 1474 3048 epocha,
1522 2982 1716 3049 utpote
1757 2996 1866 3050 qua
1908 2980 2028 3053 ejus

148 3065 445 3121 auctoritas
471 3067 618 3123 haud
644 3087 844 3142 parum
867 3078 1115 3144 augetur.
1140 3071 1276 3126 Nam
1294 3071 1496 3127 Liberii
1519 3078 1798 3146 tempore,
1822 3076 1891 3130 ob
1914 3077 2030 3147 agi-

149 3163 318 3212 tatam
349 3160 415 3215 de
438 3163 767 3220 celebrando
806 3167 1087 3223 Paschatis
1119 3168 1258 3223 festo
1292 3170 1752 3238 controversiam,
1791 3174 2027 3226 chrono-

148 3254 340 3326 logicis
385 3259 784 3328 quaestionibus
817 3270 870 3319 et
912 3265 1363 3337 indagationibus
1412 3267 1608 3322 sedulo
1654 3267 2028 3324 incubuerant

149 3353 372 3422 eruditi,
408 3355 506 3426 qui
538 3361 673 3411 tunc
703 3361 866 3415 multi
890 3363 1224 3432 floruerunt,
1251 3364 1376 3417 viri.
1407 3369 1675 3418 Accurate
1708 3370 2025 3422 contextum

148 3450 319 3545 tuibsse
363 3453 513 3507 hunc
561 3453 871 3511 indiculum
906 3459 992 3513 vel
1040 3459 1159 3532 ipsa
1201 3459 1422 3514 denotat
1472 3460 1793 3530 consulum,
1845 3464 2028 3534 quoad

147 3566 611 3622 unumquemque
661 3553 998 3622 Pontificem,
1058 3555 1391 3627 adsignatio.
1447 3557 1553 3612 Nec
1605 3557 1839 3614 dubium
1888 3561 2030 3632 -quin

148 3647 509 3704 concinnatus
543 3647 744 3719 fucrit,
793 3651 1088 3724 diligenter
1130 3653 1434 3727 compulsis
1476 3655 1728 3712 Ecclesiae
1771 3657 2033 3717 Romanae
