2372 4108
971 275 1097 322 PARS
1127 273 1300 322 Pium.
2016 238 2084 315 ‘5⁷
2170 294 2174 298 -

198 390 440 444 maticam
486 391 542 441 et
578 385 879 440 haereticam
911 379 1351 455 propositionem
1381 377 1526 432 hanc
1560 371 1727 430 Marci
1762 371 1984 429 Antonii
2024 373 2092 428 de

194 484 486 540 Dominis:
530 483 830 556 Disparitas
874 479 1152 552 potestatis
1196 479 1338 531 inter
1371 474 1649 549 Apostolos
1682 478 1760 528 est
1807 468 2092 528 humanum

199 587 483 652 inventum,
498 584 551 636 in
578 581 744 636 sacris
765 575 1037 647 evanqeliis
1062 580 1113 628 et
1141 575 1300 629 divini
1322 572 1451 630 Novi
1473 572 1788 628 Testamenti
1811 571 2091 644 scripturis

209 683 421 735 minime
445 679 752 734 subsistens.
779 674 850 729 De
877 690 987 744 qua
1013 668 1390 746 propositione
1444 669 1524 725 sic
1563 669 1791 725 adnotat
1826 667 1956 723 Pius
1981 665 2045 721 v1
2076 687 2087 720 ε

204 798 231 828 «
262 777 437 839 Quam
466 773 781 830 haereticam
807 778 858 828 et
885 768 1302 825 schismaticam
1327 766 1594 834 declarat,
1632 767 1698 821 de
1723 768 2095 838 jurisdictione

199 872 497 947 Apostolica
523 871 825 939 ordinaria,
862 885 986 941 quae
1012 867 1069 922 in
1109 866 1221 922 solo
1262 864 1384 920 divo
1410 863 1568 918 Petro
1605 862 1968 935 subsistebat,
2007 863 2092 917 in-

194 971 491 1026 tellectam.
542 989 570 1020 »

266 1067 347 1121 lV.
380 1067 463 1122 Ex
498 1067 733 1120 ‘unani-mi
777 1063 1145 1119 catholicorum
1179 1062 1455 1116 doctorum-
1490 1076 1760 1113 consensu.
1803 1090 1866 1098 —
1900 1056 2092 1119 Quoad

193 1162 642 1238 jurisdictionem
682 1160 1095 1230 universalem,
1143 1157 1356 1214 caeteris
1408 1155 1684 1231 Apostolis
1738 1155 2090 1229 superiorem

195 1261 368 1316 fuisse
405 1266 660 1315 sanctum
701 1260 960 1328 Petrum,
992 1263 1263 1330 tanquam
1302 1255 1701 1310 inconcussum
1731 1253 1857 1326 fidei
1887 1252 2089 1325 dogma

195 1358 362 1412 tradit
385 1358 675 1413 Suaresius
705 1379 714 1410 z
749 1377 776 1409 «
808 1356 1003 1412 Petrus
1020 1355 1335 1429 Apostolus,
1358 1353 1564 1426 inquit,
1586 1352 1691 1408 fuit
1722 1353 1779 1406 in
1799 1354 1903 1407 hac
1922 1352 2093 1424 juris·

198 1455 435 1510 dictione
455 1456 668 1510 caeteris
693 1454 969 1527 superior,
991 1454 1050 1507 in
1074 1472 1135 1508 eo
1159 1452 1436 1525 praecipue
1462 1451 1611 1521 quod
1635 1450 1716 1503 illi
1742 1450 1843 1503 soli
1874 1450 1943 1502 sit
1963 1448 2092 1502 data

203 1557 442 1623 potestas
473 1552 746 1604 ordinaria
766 1548 989 1621 regendi
1020 1555 1072 1603 et
1107 1547 1368 1621 pascendi
1408 1545 1726 1600 universam
1765 1544 1963 1599 Christi
1996 1543 2094 1598 Ec—

197 1647 442 1710 clesiam,
495 1652 555 1700 ut
607 1646 663 1699 in
710 1663 772 1700 ea
827 1645 934 1718 ipsi
983 1651 1252 1717 perpetuo
1295 1643 1713 1712 succederetur,
1767 1642 1915 1714 quod
1968 1642 2093 1697 aliis

190 1742 469 1815 Apostolis
522 1741 715 1796 datum
757 1759 868 1795 non
917 1746 1019 1794 est.
1054 1740 1177 1794 Haec
1215 1739 1503 1793 conclusio
1551 1740 1861 1811 simpliciter
1908 1746 1985 1793 est
2030 1740 2093 1795 cle

195 1839 343 1908 lide»
388 1838 590 1911 (Tract.
635 1838 698 1891 cle
737 1837 863 1908 fide,
891 1843 1049 1910 parte
1085 1835 1124 1903 Ι,
1154 1835 1298 1909 disp.
1332 1835 1421 1906 10,
1455 1841 1590 1890 sect.
1616 1835 1657 1903 I,
1684 1853 1740 1888 n.
1782 1835 1897 1906 12).
1957 1857 1984 1888 «
2018 1836 2094 1890 Ex

197 1934 401 2006 quibus
432 1933 770 2006 intelligitur
792 1933 1014 1989 Petrum
1049 1933 1259 2008 duplici
1295 1933 1460 1989 titulo
1485 1951 1801 2007 superasse,
1823 1933 2093 2007 dignitate

193 2037 246 2087 et
283 2038 586 2104 potestate,
631 2038 858 2087 caeteros
899 2031 1190 2106 Apostolos
1225 2054 1234 2086 :
1262 2034 1460 2106 prime,
1496 2031 1629 2105 quia
1678 2032 1793 2087 haec
1841 2033 2091 2105 dignitas

190 2130 293 2184 fuit
331 2130 387 2184 in
418 2147 479 2184 eo
507 2136 563 2185 ut
602 2130 659 2185 in
700 2137 922 2204 pastore
959 2130 1243 2187 Ordinario
1271 2130 1444 2186 totius
1470 2131 1741 2202 Ecclesiae,
1771 2131 1863 2186 cui
1904 2150 2095 2188 succe-

191 2226 433 2281 dendum
459 2233 576 2283 erat
602 2249 611 2281 :
639 2228 697 2282 in
726 2229 850 2283 aliis
875 2246 1001 2284 vero
1027 2247 1139 2284 non
1172 2229 1248 2285 ita
1271 2252 1280 2294 ;
1314 2228 1410 2284 sed
1441 2247 1634 2284 corum
1677 2236 1924 2303 potestas
1946 2249 2084 2303 quo-

205 2323 503 2378 dammodo
526 2324 773 2396 delegata
794 2331 936 2394 erat,
965 2332 1016 2381 ct
1044 2343 1110 2380 cx
1141 2326 1451 2401 privilegio.
1475 2327 1738 2398 Secundo,
1770 2328 1902 2400 quia
1928 2329 2098 2401 juris—

193 2420 368 2473 dictio
413 2421 558 2474 Petri
614 2439 670 2475 se
713 2423 1039 2478 extendebat
1081 2422 1150 2478 ad
1205 2425 1354 2498 ipsas
1397 2426 2095 2500 personasApostolorum

211 2513 444 2582 directe3
472 2514 738 2570 nimirum
768 2525 1011 2590 potestas
1030 2520 1144 2575 illis
1177 2522 1501 2595 praecipere,
1538 2528 1705 2593 atque
1725 2524 1835 2578 huc
1855 2525 1938 2577 rel
1962 2524 2095 2582 illuc

209 2610 427 2665 mittere
458 2632 483 2662 »
515 2612 686 2682 tibist,
717 2631 774 2666 n.
799 2613 915 2686 25).
967 2637 995 2666 «
1021 2616 1090 2670 Ex
1113 2618 1401 2675 occasione
1422 2624 1610 2671 autem
1633 2619 1891 2674 resolutae
1922 2639 2095 2692 quaes—

320 2707 360 2738 ³⁴¹
404 2725 426 2742 ἢ
476 2708 600 2764 itari
633 2715 869 2783 poterat,
903 2730 971 2765 an
1010 2711 1273 2784 Apostoli,
1305 2713 1402 2784 qui
1434 2714 1592 2770 Petro
1638 2717 2087 2791 supervixerant,

196 2804 404 2860 suerint
446 2823 572 2860 vere
630 2806 838 2871 subditi
879 2806 1146 2882 Episcopo
1174 2809 1422 2865 Romano
1464 2811 1608 2867 Petri
1659 2815 1989 2870 successori.
2025 2817 2094 2871 De

203 2919 313 2971 qua
354 2920 413 2957 re
442 2903 582 2956 nihil
627 2904 774 2977 apud
813 2909 1063 2961 auctores
1103 2924 1192 2962 me
1227 2907 1427 2980 legisse
1465 2911 1721 2968 memini.
1755 2911 1982 2969 Videtur
2009 2920 2092 2970 ta-

206 3015 334 3052 men
360 3016 420 3053 ex
456 3000 618 3055 dictis
654 3002 835 3073 sequi,
875 3002 1164 3059 inferiores
1189 3006 1466 3063 exstitisse
1485 3007 1899 3082 jurisdictione,
1927 3019 2094 3085 atque

205 3095 336 3150 adeo
362 3096 739 3168 jurisdictioni
777 3081 1056 3156 Po'ntiticis
1092 3101 1326 3159 Romani
1360 3106 1658 3179 subjectos,
1681 3110 1936 3181 quamvis
1965 3110 2091 3164 aliis

209 3194 580 3264 praerogativis
604 3201 656 3250 et
680 3196 1020 3252 excellentiis
1043 3197 1249 3256 suerint
1278 3203 1638 3276 superiores»
1689 3205 1863 3276 (ibice,
1883 3223 1938 3257 n.
1970 3205 2086 3277 ⁴28).

261 3309 287 3338 «
341 3288 402 3344 Ut
430 3298 678 3346 servetur
709 3293 961 3350 Ecclesia}
1001 3297 1187 3353 unitas
1229 3299 1437 3371 (inquit
1466 3302 1690 3371 Habert)
1726 3307 1778 3355 et
1811 3303 2091 3375 primatus

184 3386 389 3440 summi
418 3387 716 3459 Pontificis,
757 3392 891 3447 satis
920 3400 1000 3449 est
1034 3395 1181 3466 quod
1211 3396 1466 3452 Christus
1490 3398 1780 3470 Apostolos
1803 3405 1856 3454 ct
1881 3418 2075 3456 eorum

193 3501 536 3540 successores
567 3487 910 3563 (Episcopos)
940 3491 1247 3547 instituerit
1284 3511 1412 3547 cum
1450 3495 1932 3567 subordinatione,
1954 3499 2076 3556 illos

189 3579 254 3634 ad
276 3579 522 3654 Petrum,
570 3583 703 3640 istos
731 3587 798 3644 ad
821 3605 1108 3644 summum
1130 3590 1445 3647 Pontificem
1470 3592 1614 3648 Petri
1637 3611 2012 3668 successorem
2041 3620 2067 3652 »

196 3677 276 3746 (Ρ.
309 3677 373 3747 ll,
403 3680 466 3736 (Ie
490 3681 794 3740 Hierairhia
820 3689 969 3759 ecel„
999 3706 1118 3763 cap.
1145 3708 1198 3756 V,
1226 3691 1251 3760 ἓ
1284 3691 1336 3758 5,
1363 3698 1556 3762 quaest.
1591 3693 1642 3747 2)

1627 3736 1665 3766 l·
