2320 4010
237 188 324 236 503
920 181 1218 228 TRACTATUS
1247 183 1312 228 DE
1344 183 1493 231 PAPA.

310 295 597 350 Pnorosmo
644 292 724 347 Vss.
770 325 839 332 —
876 291 1064 347 Modus
1115 294 1325 365 ferendi
1363 295 1631 367 suffragia
1670 296 1727 349 in.
1776 292 2169 354 Consta-utiensi

239 394 459 450 concilio
492 398 743 460 statutus,
807 408 912 445 non
954 391 1059 462 snit
1092 390 1378 463 [effitimuS.
1416 426 1486 433 —
1513 393 1588 448 De
1623 393 1729 448 hoc
1769 392 2160 452 anticanonico

238 496 367 545 vota
412 486 710 543 emittendi
741 486 908 541 modo
953 486 1033 542 sic
1076 488 1323 544 habetur
1375 489 1432 544 in
1482 489 1986 546 informationibus
2029 508 2171 562 quas

238 589 480 645 Joannes
503 587 659 642 XXIII
679 606 808 643 eum
838 587 1044 644 litteris
1066 588 1186 644 suis
1219 588 1447 646 miserat
1475 589 1831 646 universitati
1864 588 2167 645 Parisiensi

240 694 293 743 et
322 687 454 743 duci
482 687 876 743 Aurelianensi
903 707 912 740 :
949 709 976 741 «
1009 688 1146 744 Item
1182 687 1355 762 quod,
1389 688 1522 746 licet
1555 688 1613 743 in
1650 688 1895 744 concilio
1924 688 2176 761 generali

243 805 354 842 non
381 786 578 842 debeat
599 787 897 843 nationum
920 787 1243 844 differentia
1267 787 1413 859 fieri,
1430 807 1561 844 cum
1595 787 1746 862 apud
1765 787 1939 843 Deum
1965 805 2078 842 non
2104 786 2175 844 sit

243 885 552 959 acceptatio
580 904 979 959 personarum,
1014 887 1358 960 deberetque
1399 887 1547 944 dicta
1583 887 1942 961 congregatio
1973 885 2176 942 Christi

242 983 522 1053 fidelium,
555 1002 667 1039 una
695 1003 807 1039 non
840 985 1040 1058 majori
1066 986 1174 1041 alia
1200 986 1279 1042 uti
1307 988 1603 1057 vocabule,
1637 986 1912 1058 nullaque
1939 986 2175 1043 deberet

245 1082 717 1143 cssedifterentia
750 1083 897 1138 inter
929 1084 1392 1157 congregationes
1433 1085 1669 1156 ibidem,
1709 1085 1886 1140 immo
1914 1085 2174 1141 omnium

247 1181 326 1236 ibi
357 1180 707 1236 venientium
739 1181 880 1235 velle
900 1187 952 1236 et
974 1181 1272 1254 opiniones
1291 1181 1560 1237 deberent
1584 1183 1642 1236 in
1663 1201 1846 1238 unum
1877 1183 2172 1256 publicum

245 1276 477 1350 aperiri,
515 1281 567 1329 et
598 1293 760 1330 voces
802 1276 1063 1330 omnium
1110 1294 1284 1350 super
1312 1277 1566 1349 quolibet
1595 1277 2030 1334 determinando
2061 1281 2176 1335 sin-

250 1371 523 1446 gulariter
554 1370 777 1440 rimari,
814 1371 1085 1444 quoniam
1108 1391 1310 1428 sensus
1335 1374 1403 1429 ad
1431 1390 1737 1428 numerum
1759 1373 2005 1447 capitum
2036 1376 2177 1432 mul-

252 1471 612 1545 tiplicamur3
642 1472 747 1526 hoc
777 1477 969 1526 tamen
1007 1472 1064 1526 in
1094 1471 1244 1528 dicto
1268 1471 1507 1528 concilio
1537 1490 1650 1526 non
1678 1470 1785 1525 fuit
1807 1472 2170 1546 permissum.

253 1571 524 1638 Quinimo
557 1570 883 1627 ordinatum
925 1570 1160 1639 exstitit,
1193 1578 1254 1626 ut
1298 1570 1561 1643 quaelibet
1600 1569 1754 1624 natio
1799 1568 1857 1622 111
1888 1567 1981 1624 1110
2011 1570 2173 1627 habe-

253 1678 330 1728 ret
376 1690 549 1726 unam
602 1690 793 1726 vocem
840 1671 1158 1742 dumtaxat,
1214 1671 1473 1744 quamvis
1515 1671 1573 1724 in
1620 1668 1849 1725 natione
1895 1667 2177 1725 Gallicana

254 1777 438 1826 esseut
475 1771 730 1826 Ecclesiae
759 1776 811 1826 et
842 1789 1002 1828 10005
1024 1771 1322 1839 notabiles,
1352 1771 1408 1825 in
1435 1770 1591 1825 Italia
1615 1767 1903 1838 similiter,
1929 1773 1981 1822 et
2003 1767 2180 1821 multo

253 1868 418 1943 plura
451 1869 741 1943 supposita
784 1889 954 1943 quam
991 1870 1050 1924 in
1086 1869 1305 1926 ceetcris
1336 1868 1719 1923 nationibus¹.

335 1987 363 2018 «
389 1967 527 2022 Item
545 1967 717 2038 quod,
739 1968 867 2022 licet
886 1968 1028 2023 sacta
1047 1968 1402 2022 ordinatione
1417 1967 1565 2039 quod
1586 1984 1699 2022 non
1716 1970 1903 2020 essent
1922 1962 2182 2034 nisiqua·

258 2070 390 2118 tuor
416 2064 697 2135 nationes,
730 2071 780 2119 et
813 2064 922 2119 illae
959 2066 1231 2121 haberent
1263 2070 1508 2138 quatuor
1556 2080 1738 2130 voces,
1762 2079 1993 2133 unaque
2022 2058 2183 2115 alteri

262 2159 730 2232 oequipareretur,
786 2161 939 2215 nulla
978 2161 1168 2216 habita
1216 2159 1534 2216 differentia
1578 2158 1767 2214 meriti
1804 2158 1871 2212 ad
1911 2156 2183 2211 meritum

265 2267 313 2314 et
348 2260 574 2314 numeri
617 2260 683 2315 ad
720 2278 1048 2331 numerum,
1078 2266 1379 2335 procurata
1419 2259 1602 2315 extitit
1646 2258 1782 2313 unio
1812 2258 2056 2313 duorum
2087 2275 2186 2311 na-

263 2358 508 2428 tionum,
541 2358 751 2415 scilicet
794 2360 1132 2415 Germanicae
1172 2366 1225 2416 et
1258 2358 1651 2432 Anglicanae...

345 2478 371 2507 «
394 2456 530 2512 Item
551 2459 723 2530 quod,
743 2458 798 2512 111
816 2458 1056 2514 concilio
1080 2459 1394 2515 secundum
1415 2475 1706 2513 sacrorum
1728 2473 2007 2511 canonum
2031 2471 2188 2509 sanc-

262 2557 468 2627 tioncS,
502 2576 663 2614 voces
688 2559 897 2614 habere
920 2577 1032 2614 non
1061 2559 1302 2614 debeant
1325 2558 1436 2613 nisi
1462 2554 2187 2626 CardinaleS,Patriarchae,

263 2657 708 2732 Archiepiscopi,
743 2658 1023 2734 Episcopi,
1064 2677 1308 2731 quorum
1359 2676 1520 2713 10005
1555 2655 1914 2730 requirendae
1953 2659 2085 2710 sunt
2132 2653 2190 2707 in

266 2755 513 2810 sessione
556 2757 779 2829 publica
817 2777 915 2813 seu
952 2758 1198 2833 publicis
1232 2757 1606 2825 sessionibuS,
1640 2761 1691 2810 et
1721 2773 1830 2810 non
1856 2754 1914 2808 in
1947 2752 2191 2827 particu-

262 2850 479 2906 laribus
513 2853 789 2926 consiliis,
817 2855 919 2910 1100
956 2863 1147 2911 tamen
1179 2861 1465 2911 mutatum
1492 2854 1599 2910 fuit
1625 2851 1925 2908 contrariis
1949 2850 2193 2906 affectio-

264 2949 451 3006 nibus,
492 2950 767 3014 Quoniam
809 2953 1158 3027 quicumque
1195 2956 1265 3010 ad
1303 2953 1610 3010 concilium
1642 2950 1734 3024 (ad
1775 2951 1895 3026 ipsa
1928 2949 2188 3023 consilia)

265 3049 374 3105 fuit
416 3049 725 3122 admissus,
765 3051 925 3106 nulla
969 3051 1127 3108 facta
1150 3052 1471 3109 differentia
1527 3070 1597 3107 an
1650 3053 1792 3107 soret
1825 3051 2066 3106 clericus
2107 3049 2195 3106 vel

264 3148 466 3218 laicus,
499 3149 723 3205 solutus
755 3151 839 3206 vel
867 3152 1226 3226 conjugatus,
1260 3152 1566 3225 graduatus
1597 3151 1683 3207 vel
1718 3169 1833 3206 non
1859 3150 2191 3223 graduatuS,

263 3249 536 3305 honestus
569 3249 656 3305 vel
681 3249 956 3323 abjectus,
992 3251 1240 3314 Quorum
1270 3270 1456 3320 voceS,
1495 3250 1762 3307 resecatis
1790 3249 2020 3306 vocibus
2048 3265 2192 3322 prae-

321 3391 375 3446 (1)
405 3392 464 3432 lta
492 3392 534 3432 in
567 3393 859 3446 manuscripto
895 3395 1035 3435 codice
1063 3395 1367 3438 Vindobonense'
1393 3401 1434 3436 et
1459 3394 1553 3436 aliis
1586 3393 1860 3434 Germanicis.
1895 3392 1944 3431 In
1981 3389 2194 3443 Lypsiensz'

264 3471 364 3500 vero
389 3459 448 3500 sie
475 3461 681 3524 habetur:
708 3476 727 3501 «
747 3462 856 3504 Licet
880 3464 925 3503 in
952 3464 1121 3505 natione
1146 3465 1354 3506 Gallicana
1378 3469 1520 3504 essent
1543 3467 1743 3504 trecentae
1769 3473 1888 3502 voces
1912 3458 2130 3503 notabiles,
2154 3461 2196 3498 et

264 3526 310 3567 in
342 3527 460 3568 Italia
484 3529 681 3580 totidem;
735 3531 811 3572 ubi
846 3538 969 3573 erant
994 3531 1037 3572 in
1063 3533 1149 3574 illis
1173 3533 1339 3574 duabus
1363 3531 1608 3572 nationibus
1633 3529 1803 3571 ducenti
1834 3527 2001 3582 praelati
2028 3536 2195 3577 compa-

265 3601 409 3637 rentes
433 3596 587 3638 ibidem
615 3600 910 3651 personaliter,
937 3605 979 3640 et
1003 3601 1055 3641 de
1078 3600 1227 3653 Anglia
1252 3599 1311 3641 ibi
1337 3605 1459 3640 erant
1481 3597 1646 3651 praelati
1670 3602 1758 3637 tres
1782 3600 1964 3641 tantum,
1989 3597 2032 3632 et
2054 3588 2196 3630 caeteri

272 3661 416 3703 clerici
441 3677 590 3706 novem
618 3667 659 3706 in
686 3679 864 3708 numero
886 3683 904 3707 ›>
938 3668 1229 3721 [Coneiliorum
1255 3667 1383 3709 Mausi
1406 3673 1520 3708 tomo
1543 3664 1718 3713 xxvffl,
1736 3664 1812 3704 001.
1842 3662 1904 3711 15,
1931 3659 2032 3700 edit.
2055 3655 2190 3709 1785).

2277 510 2295 542 Υ,

2269 568 2317 675 I,
