2320 4010
274 167 361 213 218
945 156 1243 202 TRACTATUS
1275 157 1340 203 DE
1370 157 1517 204 PAPA.

275 269 662 329 monarchiam
708 264 930 338 proprie
967 263 1184 335 dictam,
1237 264 1335 320 sed
1377 268 1723 322 aristocratia
1771 274 1822 322 et
1867 269 2189 328 democratia

279 373 653 442 temperatam.

350 460 687 535 Respondeo.
713 459 924 516 —Non
973 467 1140 534 negat
1189 460 1593 532 Bellarminus‚
1624 462 1722 519 sed
1769 469 1996 520 econtra
2035 462 2194 521 docet

272 560 645 636 apertissime,
669 559 993 617 institutam
1014 579 1044 617 a
1062 561 1285 618 Christo
1310 562 1699 619 monarchiam
1728 565 1946 638 proprie
1975 563 2193 633 dictam,

272 659 533 734 quamvis
561 659 733 715 simul
767 658 916 715 dicat
944 659 1336 721 monarchiam
1374 660 1534 716 illam
1563 677 1687 718 esse
1714 661 1773 716 in
1805 660 1996 743 aliquo
2024 678 2196 717 sensu

273 757 624 815 aristocratia
669 763 722 814 et
775 757 1120 814 democratia
1167 764 1564 834 temperatam.
1604 758 1693 815 Sic
1724 776 1930 834 nempe
1961 758 2201 833 ipsemet

275 854 542 930 exprimit
571 855 710 927 quid
737 854 1028 929 intelligat·
1048 874 1148 930 per
1179 857 1549 912 monarchiam
1579 858 1926 913 aristocratia
1951 859 2003 912 et
2031 856 2203 911 demo-

277 958 447 1011 cratia
483 960 854 1030 temperatam
889 977 899 1009 :
942 956 1064 1012 «Ut
1103 955 1175 1012 sit
1218 955 1449 1029 quidem
1495 955 1555 1011 in
1605 954 1898 1031 republica
1940 972 2203 1011 summus

277 1054 487 1129 aliquis
515 1055 802 1130 princeps,
838 1054 936 1128 qui
980 1060 1034 1110 et
1061 1055 1327 1110 omnibus
1356 1054 1618 1130 imperet,
1651 1060 1703 1110 et
1741 1053 1889 1108 nulli
1931 1051 2201 1126 subjicia-

277 1160 414 1210 tur:
445 1153 713 1229 praesides
762 1159 954 1224 tamen
1009 1153 1431 1227 provinciarum
1477 1154 1564 1209 vel
1607 1152 1902 1208 civitatum
1937 1169 2050 1207 non
2092 1150 2202 1207 sint

276 1254 426 1326 regis
473 1253 694 1324 vicarii,
741 1252 857 1309 sive
901 1253 1076 1309 annui
1132 1253 1326 1319 ducffi,
1367 1251 1462 1321 sed
1514 1252 1631 1308 veri
1668 1251 1977 1326 principeS,
2018 1250 2116 1323 qui
2153 1254 2203 1306 et

280 1350 521 1424 imperio
549 1351 759 1406 summi
788 1350 1064 1426 Principis
1095 1350 1386 1420 obediant,
1417 1355 1474 1405 ct
1493 1348 1720 1405 interim
1749 1348 2097 1422 provinciam
2119 1348 2207 1403 vel

279 1447 563 1504 civitatem
604 1466 790 1519 suam,
818 1466 932 1502 non
956 1452 1231 1521 tanquam
1257 1447 1524 1518 alienam,
1554 1446 1651 1502 sed
1674 1453 1738 1502 ut
1765 1445 2054 1520 propriam
2090 1463 2208 1500 mo-

281 1546 588 1614 derentur;
647 1548 726 1604 ita
760 1548 951 1604 locum
985 1548 1220 1604 haberet
1245 1547 1305 1602 in
1353 1546 1670 1621 republica,
1699 1551 1817 1602 tam
1864 1545 2019 1619 regia
2054 1562 2206 1619 quae-

282 1647 411 1702 dam
445 1647 800 1716 monarchia,
845 1666 1018 1720 quam
1049 1647 1221 1704 etiam
1266 1647 1592 1721 principum
1633 1646 1977 1720 optimatum
2008 1644 2207 1701 aristo-

283 1746 478 1802 cratia.
507 1745 663 1808 Quod
693 1745 738 1800 si
760 1745 848 1800 his
877 1745 1203 1815 adderetur,
1225 1752 1287 1800 ut
1306 1763 1492 1817 neque
1515 1763 1779 1800 summus
1804 1744 1901 1800 ille
1920 1744 2203 1819 PrincepS,

283 1860 467 1915 neque
494 1843 784 1917 principes
813 1843 1062 1899 minores
1117 1843 1470 1899 haereditaria
1518 1842 1874 1898 successione
1905 1842 2210 1915 dignitates

284 1939 421 1996 istas
455 1941 842 2014 acquirerent,
881 1943 978 1998 sed
1006 1960 1071 1997 ex
1098 1942 1363 1998 universo
1401 1941 1612 2017 populo
1646 1941 1848 2015 optimi
1882 1941 2097 2013 quique
2139 1940 2207 1996 ad

285 2057 379 2095 cas
407 2042 804 2111 eveherentur,
838 2041 958 2115 jam
991 2048 1138 2098 esset
1187 2041 1355 2097 etiam
1398 2060 1540 2096 suus
1573 2039 1804 2113 quidam
1836 2039 1995 2094 locus
2024 2039 2210 2095 demo-

287 2138 476 2194 cratiae
522 2138 580 2194 in
624 2139 915 2214 republica
960 2139 1325 2196 attributus»
1360 2139 1448 2211 (de
1479 2138 1719 2194 Romano
1764 2138 2046 2208 Pontifice,
2078 2137 2117 2191 l.
2161 2138 2205 2207 Ι,

289 2254 410 2310 cap.
438 2237 534 2310 ιιι).
569 2237 760 2293 Postea
789 2237 858 2293 dc
894 2239 996 2293 hac
1031 2237 1150 2311 ipsa
1179 2237 1362 2293 forma
1411 2235 1548 2291 dicit
1578 2256 1588 2288 :
1625 2236 1811 2292 «Cum
1846 2236 1967 2290 haec
2006 2234 2204 2306 guber-

291 2336 446 2391 natio
470 2338 831 2392 monarchiam
865 2337 1173 2409 quamdam
1201 2355 1323 2392 vere
1350 2354 1411 2391 ac
1433 2340 1652 2409 proprie
1689 2332 2148 2409 comprehendat.
2182 2355 2208 2385 »

292 2434 469 2506 Igitur
486 2435 838 2491 aristocratia
859 2443 910 2492 et
933 2435 1279 2491 democratia
1301 2453 1473 2509 quam
1490 2434 1627 2490 dicit
1649 2434 1844 2489 adesse
1864 2434 1923 2489 in
1942 2431 2209 2500 Ecclesia,

291 2551 403 2588 non
435 2551 495 2589 ea
524 2541 609 2591 est
640 2553 764 2607 quae
788 2535 1036 2591 excludit
1060 2537 1433 2591 monarchiam
1453 2535 1674 2608 proprie
1698 2534 1914 2600 dictam,
1960 2532 2056 2588 sed
2081 2551 2211 2588 curn

289 2650 398 2703 qua
419 2633 752 2706 plenissime
779 2640 928 2690 stare
953 2640 1137 2708 potest
1166 2639 1218 2690 et
1240 2640 1350 2690 stat
1378 2632 1711 2688 monarchia
1738 2631 1931 2688 stricte
1960 2638 2208 2706 sumpta.

290 2729 589 2787 Enimvero
635 2733 990 2790 aristocratia
1043 2753 1171 2807 quaa
1226 2733 1479 2789 excludit
1538 2731 1932 2788 monarchiam
1989 2731 2215 2807 proprie

293 2826 498 2883 dictam
543 2829 601 2883 in
634 2848 696 2884 co
727 2831 1006 2900 consistit,
1044 2832 1196 2904 quod
1244 2850 1470 2887 summa
1498 2837 1743 2904 potestas
1777 2836 1886 2887 stet
1918 2829 2216 2902 aequaliter

290 2943 459 2999 penes
503 2926 725 2999 aliquos
766 2928 1071 3002 optimates
1126 2930 1222 3001 qui
1271 2929 1417 2983 nulli
1448 2929 1851 3001 subjiciantur.
1887 2927 2019 2982 Eam
2046 2946 2215 3002 porro

290 3024 500 3080 nedum
534 3025 795 3082 admittat
839 3026 897 3082 in
953 3027 1195 3083 Ecclesia
1228 3026 1630 3097 BellarminuS‚
1684 3030 1911 3082 econtra
1952 3043 2215 3101 expresse

291 3123 545 3198 loquitur
571 3125 638 3181 de
664 3126 1057 3201 optimatibus,
1088 3144 1187 3182 seu
1231 3126 1297 3182 dc
1340 3124 1695 3201 principibus
1738 3123 2079 3191 minoribus,
2116 3124 2216 3197 qui

289 3225 513 3299 imperio
536 3229 726 3281 summi
743 3228 1004 3301 principis
1033 3227 1306 3295 obediant,
1337 3224 1601 3299 quamvis
1624 3223 1838 3280 interea
1865 3223 2213 3299 provinciam

290 3342 475 3395 suam,
507 3343 614 3380 non
642 3333 701 3381 ut
728 3329 868 3398 repis
895 3327 1109 3397 vicarii,
1141 3325 1239 3382 sed
1263 3333 1322 3382 ut
1339 3327 1621 3398 propriam
1653 3323 2041 3381 moderentur.
2074 3321 2213 3378 Item

291 3440 403 3478 non
431 3441 556 3479 eam
584 3423 989 3480 democratiam
1017 3423 1285 3497 intelligit
1305 3441 1431 3497 quae
1450 3422 1841 3479 monarchiam
1866 3419 2214 3489 excluderet,

293 3520 388 3575 sed
421 3520 827 3578 democratiam
860 3523 918 3578 in
954 3541 1019 3580 eo
1049 3523 1480 3592 consistentem,
1521 3528 1586 3578 ut
1611 3520 1823 3577 summi
1851 3518 2126 3595 principis
2161 3523 2211 3574 et

293 3617 580 3675 minorum
601 3622 927 3698 principum
973 3622 1276 3696 dignitates
1306 3641 1419 3679 non
1446 3621 1558 3678 sint
1592 3618 1987 3687 haereditariae,
2017 3617 2113 3674 sed
2143 3615 2212 3671 ad
