2320 4010
297 141 386 190 456
975 136 1272 188 TRACTATUS
1301 140 1368 188 DE
1379 138 1546 199 -PAPA.

301 270 330 302 «
366 254 639 321 tanquam
664 245 988 303 inconsulta
1005 247 1164 303 curia
1196 248 1507 323 prolatum,
1533 247 1689 306 velut
1706 246 2056 308 auctoritatis
2082 245 2216 328 pon-

299 369 327 400 «
357 347 489 403 dere
529 363 752 414 carenS,
798 362 900 420 pro
942 345 1203 422 Symbolo
1245 345 1306 403 in
1347 347 1620 420 Ecclesia,
1662 348 1813 423 quod
1860 347 1920 403 in
1959 349 2214 408 conciliis

297 467 326 498 «
361 450 555 502 contra
600 445 844 502 haereses
885 445 1245 519 congregatis
1281 445 1404 503 fieri
1448 447 1613 519 solet,
1658 466 1772 504 non
1828 428 2150 505 haberetur.
2183 471 2211 503 »

292 542 652 600 infallibilem
702 557 839 601 sane
897 543 956 599 in
1014 543 1141 601 fidei
1187 545 1597 619 quaestionibus
1639 545 1952 602 Romanam
2019 545 2211 604 Sedem

294 643 637 715 existimant,
681 644 777 718 qui
805 663 1146 720 persuasum
1176 646 1381 702 habent
1409 663 1533 702 eam
1584 645 1753 703 solam
1790 664 1902 702 esse
1927 665 2036 719 qnae
2067 647 2210 702 clau-

292 744 368 799 dit
417 751 468 800 et
511 761 662 800 nemo
705 744 900 816 aperit,
931 746 1104 816 aperit
1136 751 1186 799 et
1218 762 1369 800 nemo
1403 744 1638 807 claudit‚·
1683 742 1906 819 ipsique
1935 745 2034 800 soli
2062 761 2210 800 com-

288 846 482 914 petere
528 845 591 896 ut
637 840 706 896 de
751 839 855 895 lide
890 838 1164 896 catholica
1203 839 1484 897 decernat.

366 941 650 998 Pnorosmo
685 940 871 996 xtlxa.
903 974 975 981 —
1003 941 1320 997 Duodecimo
1360 942 1555 997 saeculo
1601 943 1826 1015 viym'sse
1878 942 1940 997 sle
1989 942 2214 999 Romani
2302 976 2320 985 „

289 1042 561 1114 pontificis
595 1042 890 1096 iti-errantia
915 1042 1340 1113 persuasionem,
1369 1048 1573 1096 constat
1603 1059 1668 1096 ea:
1694 1040 1938 1096 Paschali
1963 1041 2114 1114 Papa
2138 1040 2208 1098 Il.
2294 1065 2302 1075 ·

361 1141 450 1196 Sic
498 1139 788 1196 exorditur
838 1157 1003 1193 suam
1054 1138 1122 1192 ad
1163 1138 1474 1193 Guidonem
1512 1138 2016 1214 Arcbiepiscopum
2058 1139 2214 1196 Vien-

288 1258 521 1296 nensem
568 1238 863 1312 epistolam
897 1257 907 1288 :
944 1258 971 1288 «
1010 1236 1347 1291 Potestatem
1390 1236 1603 1308 ligandi
1653 1241 1822 1307 atque
1867 1239 2117 1295 solvendi
2150 1239 2209 1295 in

290 1360 316 1390 «
351 1337 491 1408 coelo
526 1341 579 1393 et
609 1336 667 1392 in
711 1342 864 1392 terra
914 1336 1075 1391 beato
1113 1335 1272 1390 Petro
1319 1335 1527 1407 ejusque
1567 1336 1951 1392 suecessoribus
1986 1343 2211 1395 auctore

286 1439 449 1493 «Deo
495 1435 888 1512 principaliter
922 1433 1211 1505 traditam,
1251 1433 1365 1489 illis
1412 1432 1654 1490 Ecclesia
1698 1433 1881 1490 verbis
1928 1437 2201 1509 agnoscit,

287 1558 313 1588 «
346 1535 555 1610 quibus
596 1536 822 1591 Petrum
871 1533 1140 1590 Dominus
1172 1533 1451 1590 allocutus
1485 1539 1567 1588 est
1607 1551 1617 1585 ε
1655 1530 2021 1605 Quodcumque
2074 1535 2200 1608 liqa-

285 1658 310 1687 «
351 1637 489 1691 veris
540 1653 701 1708 super
759 1642 957 1689 terram
1008 1634 1108 1687 erit
1155 1633 1371 1703 liyatum
1416 1640 1465 1687 et
1527 1633 1577 1686 in
1619 1631 1778 1686 coelis.
1821 1629 1930 1705 Ipsi
1986 1649 2204 1704 quoque

287 1757 311 1784 «
353 1742 402 1789 et
440 1736 679 1807 propriae
721 1734 943 1806 firmitas
989 1739 1038 1786 et
1079 1732 1267 1787 alienae
1316 1732 1441 1803 fidei
1485 1731 1834 1802 confirmatiO,
1876 1728 2070 1786 eodem
2102 1729 2205 1786 Deo

285 1856 310 1884 «
343 1840 570 1890 auctore
599 1839 922 1908 praestatur,
963 1851 1094 1888 cum
1134 1832 1202 1887 ad
1251 1850 1380 1887 eum
1425 1831 1674 1887 dicitur:
1712 1831 1909 1903 Royavi
1981 1848 2083 1904 pro
2131 1837 2204 1901 te,

284 1954 310 1983 «
346 1932 503 1988 Petre
550 1955 564 1986 .·
603 1941 652 1988 et
708 1941 761 1988 tu
802 1933 1085 2005 aliquando
1153 1951 1454 2003 conversae,
1501 1933 1757 2003 confirma
1811 1932 2008 2002 fratres
2066 1938 2201 1987 tuos,

284 2054 310 2084 «
348 2032 573 2108 Oportet
600 2052 729 2107 ergo
755 2052 877 2099 neS,
903 2032 1023 2105 qui,
1062 2031 1189 2088 licet
1229 2031 1473 2105 indign-i,
1501 2030 1645 2087 Petri
1672 2030 1920 2086 residere
1949 2029 2211 2087 videmur.

285 2152 312 2183 «
351 2131 409 2186 in
443 2131 585 2200 loeo,
609 2150 775 2205 prava
808 2130 1112 2204 corrigere,
1141 2138 1294 2187 recta
1322 2130 1570 2198 firmare,
1614 2135 1666 2186 et
1697 2128 1753 2184 in
1779 2127 1934 2185 omni
1963 2127 2204 2184 Ecclesia

285 2253 310 2280 «
344 2230 413 2285 ad
442 2230 650 2286 interni
694 2229 992 2286 arbitrium
1021 2229 1229 2304 judicis
1273 2229 1353 2285 sic
1390 2228 1739 2304 disponenda
1787 2227 2107 2303 disponere,
2140 2233 2202 2283 ut

282 2351 308 2380 «
344 2329 411 2384 de
441 2330 599 2386 vultu
650 2330 772 2404 ejus
803 2329 1083 2404 judicium
1127 2336 1385 2387 nostrum
1434 2331 1690 2403 prodeat,
1735 2336 1787 2385 et
1827 2328 1975 2385 oculi
2024 2326 2202 2383 nostri

280 2452 305 2481 «
342 2429 565 2485 videant
609 2430 933 2504 {equitatem
972 2454 996 2481 »
1032 2430 1200 2506 (apud
1239 2431 1442 2500 Labbe,
1474 2436 1626 2486 tomo
1653 2430 1715 2497 X,
1753 2429 1858 2484 col.
1899 2428 2032 2498 690,
2064 2427 2196 2484 edit.

275 2529 528 2600 Parisiis,
562 2529 757 2601 1671).
796 2530 963 2586 Prout
989 2522 1054 2585 ex
1081 2535 1347 2586 contextu
1380 2535 1555 2605 patet,
1586 2529 1695 2586 sibi
1723 2528 1926 2585 tribuit
1951 2527 2202 2583 Pontifex

275 2628 389 2697 ille,
421 2629 659 2703 propriae
683 2647 799 2685 suae
843 2629 971 2685 fidei
1016 2632 1343 2702 firmitatem,
1387 2647 1605 2686 necnon
1650 2636 1702 2685 et
1743 2628 1984 2694 alienam
2033 2626 2199 2682 fidem

275 2727 649 2782 confirmandi
689 2728 974 2795 ofliciu1n3
1017 2728 1168 2801 quod
1204 2728 1354 2784 idem
1407 2735 1490 2784 est
1548 2746 1611 2783 ae
1664 2724 1992 2782 inerrantiae
2038 2723 2203 2798 privi-

275 2823 486 2897 legium
527 2825 635 2881 sibi
668 2826 975 2884 vindicare.

354 2925 746 2998 Ursbergensis
777 2927 973 2997 abbas,
1006 2927 1064 2982 in
1108 2946 1209 2983 sua
1236 2927 1477 2983 Historia
1510 2927 1700 2997 refert,
1739 2925 1844 2982 sub
1870 2922 2126 2981 Paschali
2153 2922 2198 2977 ΙΙ

274 3023 528 3081 habitam
556 3024 742 3081 Romae
776 3025 1076 3100 synodum,
1108 3025 1166 3080 in
1211 3044 1320 3099 qua
1366 3025 1433 3080 de
1467 3022 1923 3081 concessionibus
1961 3020 2195 3077 Henrico

273 3122 603 3198 imperatori
639 3124 788 3181 circa
830 3123 1197 3181 investituras
1221 3124 1386 3181 sactis
1430 3132 1619 3181 actum
1648 3129 1751 3180 est.
1779 3123 1856 3179 Ob
1886 3140 2029 3196 quas
2063 3139 2194 3178 con·

268 3224 550 3281 cessiones
592 3244 724 3282 cum
774 3224 1009 3299 quidam
1052 3225 1359 3300 Episcopus
1386 3226 1594 3300 Papam
1625 3223 1957 3281 haereticum
1995 3238 2192 3278 vocare
2270 3247 2273 3250 ⁴

270 3342 445 3380 ausus
496 3331 664 3394 esset,
711 3324 832 3398 ejus
868 3324 1163 3382 audaciam
1206 3324 1418 3382 retudit
1458 3324 1743 3382 Paschalis
1786 3324 1867 3392 113
1919 3321 2068 3396 quod
2111 3319 2190 3377 sic

267 3429 494 3479 enarrat
537 3423 724 3480 dictus
772 3425 1170 3499 Ursbergensis
1224 3425 1433 3481 abbas:
1779 3429 1782 3432 ’

347 3545 374 3575 «
405 3524 485 3581 Ad
513 3525 631 3581 haec
664 3524 935 3600 patientia
971 3525 1192 3581 domini
1211 3525 1367 3600 Papae
1395 3524 1678 3580 horrendo
1705 3522 1934 3580 haeresis
1954 3517 2185 3576 nomine

270 3639 297 3669 «
328 3622 550 3692 pulsata
582 3623 966 3699 expergefacta
996 3630 1104 3695 est,
1134 3630 1188 3680 et
1222 3641 1398 3678 manu
1438 3622 1736 3680 silentium·
1758 3619 2031 3685 indicenS,
2072 3614 2184 3670 dis·

2297 1237 2320 1331 ζ
