2320 4010
808 181 931 228 PARS
960 180 1197 228 SECUNDA.
1666 198 1675 206 ·
1853 174 1945 225 413

72 292 183 343 tam
207 304 432 343 causam
457 286 626 343 variis
651 286 993 361 temporibus
1017 285 1370 360 promulgata
1396 285 1583 341 firmat
1609 290 1662 341 et
1687 301 1790 341 sua
1814 283 1946 340 facit

74 384 185 439 haec
225 381 490 457 synoduS‚
522 382 648 454 quia
687 382 972 438 Nicolaum
1014 382 1181 438 habet
1218 391 1463 454 tanquam
1497 398 1751 453 oryanum
1782 381 1949 435 sancti

73 482 314 554 Spiritus,
355 481 456 537 Sed
500 482 640 536 hane
677 479 946 535 rationem
988 478 1294 552 allegando,
1343 480 1446 534 hoc
1481 479 1596 552 ipso
1634 485 1784 535 certo
1823 494 1947 533 vera

72 578 461 651 aequivalenter
507 577 882 653 pronuntiavit
927 583 1122 633 caetera
1171 577 1336 633 etiam
1382 577 1591 632 Nicolai
1641 575 1950 649 dogmatica

73 675 288 732 decreta
318 674 577 749 synodice
605 673 975 747 promulgata.

146 771 377 844 objicies.
400 802 468 811 —-
493 769 758 842 Loquitur
790 769 1077 823 dumtaxat
1120 768 1176 823 in
1215 787 1313 824 suo
1350 769 1571 825 decreto
1602 769 1655 824 S.
1692 769 1950 826 Nicolaus

70 867 136 923 de
168 866 403 923 decretis
429 866 706 920 salubriter
729 862 1119 937 promulgatis.
1147 863 1303 925 Quod
1331 870 1516 919 autem
1543 865 1653 919 tale
1679 865 1750 919 sit
1777 866 1950 935 quod-

68 964 199 1019 libet
243 965 523 1019 decrctum
566 961 940 1033 dogmaticum
989 978 1019 1015 a
1059 960 1306 1015 Romano
1343 960 1602 1015 Pontitiee
1643 962 1945 1033 prolatum,

68 1075 177 1113 non
210 1058 421 1114 definit.

142 1155 486 1228 Respomleo:
525 1155 805 1210 Absonum
852 1154 988 1208 soret
1018 1154 1163 1226 regis
1194 1153 1439 1210 edictum
1482 1172 1591 1225 quo
1631 1172 1821 1228 poenas
1856 1155 1949 1210 de-

67 1258 310 1308 cerneret
352 1253 408 1307 in
445 1257 850 1324 contemptores
893 1252 1078 1322 legum
1116 1271 1147 1306 a
1180 1270 1235 1306 se
1271 1253 1557 1307 salubriter
1591 1253 1948 1325 promultqata-

72 1365 204 1413 rum,
236 1347 282 1401 si
309 1347 508 1419 cuique
542 1347 779 1401 liberum
815 1347 952 1402 soret
984 1347 1356 1402 contendendi
1387 1348 1666 1402 salubrem
1692 1367 1802 1402 non
1827 1367 1947 1404 esse

0 1491 2 1496 .
73 1443 248 1514 legem
292 1462 459 1514 quam
486 1443 806 1498 contemnit.
853 1443 1058 1498 Sensus
1102 1462 1231 1515 ergo
1265 1444 1444 1500 sancti
1486 1444 1693 1499 Nicolai
1735 1451 1837 1515 est,
1864 1464 1947 1500 sa-

72 1540 236 1595 lubria
283 1559 392 1594 esse
448 1540 708 1612 quaelibet
748 1540 965 1594 decreta
1018 1559 1114 1613 pro
1172 1541 1275 1596 tide
1319 1541 1586 1596 catholica
1632 1541 1660 1596 a
1702 1543 1946 1598 Romano

74 1636 325 1692 l‘ontitice
356 1637 723 1714 promul-gata,
761 1643 812 1691 et
840 1638 1190 1691 anathemate
1225 1637 1417 1708 dignos
1451 1638 1723 1710 ejusmodi
1764 1639 1949 1696 decre-

76 1737 254 1786 torum
288 1739 708 1805 contemptores.

143 1830 471 1882 ΑιιουΜεΝτυΜ
503 1828 564 1883 11.
594 1861 668 1868 ——
700 1829 781 1883 Ea:
811 1830 1002 1898 libello,
1031 1830 1155 1899 fidei
1187 1831 1464 1900 formulam
1498 1834 1559 1886 ab
1600 1832 1947 1901 Orientalibus

69 1923 331 1995 Episcopis
360 1924 778 1978 subscribendam
802 1927 1112 1993 continente,
1144 1943 1292 1996 quem
1307 1926 1556 1981 Nicolaus
1575 1927 1606 1987 I
1628 1930 1947 2001 conscripse-

67 2027 168 2074 rat.
193 2051 260 2058 -
279 2019 364 2074 Sic
391 2021 626 2075 habetur
656 2020 710 2074 in
735 2020 871 2075 actis
897 2021 1066 2076 latine
1098 2022 1449 2096 conscriptiS,
1481 2023 1695 2080 actione
1719 2025 1899 2097 prima
1930 2047 1938 2078 :

70 2138 95 2168 «
122 2117 319 2171 Locum
347 2122 591 2172 tenentes
620 2118 958 2173 sanctissimi
986 2119 1141 2192 Papae
1173 2119 1439 2175 Hadriani
1465 2121 1730 2178 dixerunt
1760 2145 1769 2176 ε
1799 2123 1944 2195 lega-

68 2220 212 2268 «tur
253 2212 474 2267 libellus
512 2232 679 2285 quem
722 2222 911 2270 sancta
958 2215 1334 2271 Romanorum
1383 2217 1622 2274 Ecclesia
1669 2221 1942 2294 exposuit.

72 2329 97 2360 κ
122 2308 312 2363 Sancta
340 2309 580 2382 synodus
601 2310 737 2364 dixit
762 2331 771 2362 z
802 2310 1108 2366 Audiamus
1129 2328 1256 2366 eum
1277 2334 1303 2363 »
1330 2312 1498 2386 (apud
1517 2314 1718 2384 Labhe,
1748 2322 1788 2371 t.
1817 2316 1941 2384 Vnt,

67 2404 166 2460 col.
197 2405 327 2474 988,
369 2406 499 2461 edit.
539 2406 779 2474 Parisiis,
820 2407 1009 2477 1671).
1043 2407 1232 2463 Lectus
1267 2416 1349 2463 est
1386 2410 1631 2480 primum
1672 2411 1859 2478 latine,
1892 2419 1943 2467 et

64 2506 244 2572 postea
270 2504 459 2573 graece.
495 2502 569 2555 Ex
595 2520 657 2557 eo
688 2519 808 2574 quae
835 2503 902 2556 ad
931 2520 1046 2558 rem
1077 2503 1286 2558 faciunt
1318 2506 1746 2562 transcribimus
1778 2528 1788 2559 :

139 2618 164 2647 «
192 2597 370 2652 Prima
405 2599 555 2653 salus
586 2605 671 2654 est
703 2606 861 2654 recta:
888 2599 1013 2655 fidei
1054 2601 1302 2672 regulam
1337 2603 1684 2659 custodire...
1715 2604 1779 2660 Et
1813 2605 1941 2676 quia

67 2712 93 2743 α
124 2711 231 2747 non
267 2701 441 2768 potest
467 2696 677 2750 Domini
715 2696 891 2751 nostri
913 2697 1038 2751 Jesu
1069 2696 1267 2751 Christi
1298 2699 1642 2771 praetermitti
1668 2701 1941 2756 sententia

67 2809 93 2838 «
120 2789 372 2859 dicentis,
403 2793 475 2847 Τιι
511 2811 563 2847 es
589 2793 774 2847 Petrus
810 2801 858 2847 et
895 2812 1052 2866 supe-1·
1077 2795 1210 2848 hanc
1235 2803 1435 2866 petram
1476 2797 1741 2868 ‹sedili-cabo
1768 2799 1944 2853 Eccle-

68 2905 94 2934 «
121 2888 251 2938 siam
286 2904 471 2955 meam,
507 2890 620 2944 haec
661 2907 782 2960 quae
823 2890 967 2945 dicta
1011 2898 1140 2946 sunt
1177 2909 1362 2946 rerum
1399 2894 1708 2965 probantur
1734 2895 1941 2949 effecti-

71 2998 98 3027 «
128 2978 230 3032 bus
256 2999 265 3030 ;
297 2982 426 3050 quia
450 2983 506 3036 in
530 2985 665 3040 Sede
685 2988 992 3059 Apostolica
1021 2988 1371 3044 immaculata
1401 2997 1481 3045 est
1507 3008 1726 3063 semper
1754 2991 1941 3044 catho-

74 3092 99 3121 «
130 3071 230 3126 lica
255 3082 526 3130 reservata
553 3079 742 3149 religio
767 3088 819 3135 et
847 3090 1031 3138 sancta
1059 3085 1332 3139 celebrata
1367 3086 1641 3140 doctrina.
1668 3086 1747 3139 Ab
1777 3085 1941 3156 hujus

74 3190 99 3218 «
129 3186 254 3239 ergo
288 3169 389 3224 tide
425 3176 591 3240 atque
612 3171 856 3229 doctrina
887 3179 1133 3248 separari
1166 3180 1398 3233 minime
1430 3180 1738 3252 cupienteS‚
1771 3188 1821 3235 et
1847 3181 1941 3236 Pa-

73 3286 98 3317 «
128 3273 275 3321 trum
310 3273 361 3321 et
399 3267 669 3339 praecipue
703 3261 1020 3325 sanctorum
1059 3273 1213 3328 Sedis
1252 3276 1564 3347 apostolicae
1607 3278 1933 3349 praesulum,

72 3382 98 3411 «
130 3369 416 3432 sequentes
446 3362 497 3415 in
525 3362 783 3417 omnibus
815 3365 1138 3435 constituta,
1177 3370 1707 3428 anathematizamus
1743 3392 1934 3430 omnes

71 3478 98 3509 «
129 3459 364 3513 haereses
395 3458 559 3513 simul
587 3477 713 3514 cum
759 3459 1148 3516 iconomachis.
1188 3465 1725 3524 Anathematizamus
1765 3470 1932 3526 etiam

72 3574 99 3606 α
123 3555 450 3611 Photium...
490 3556 631 3612 sicut
659 3557 1034 3629 praediximuS,
1067 3567 1356 3631 sequentes
1383 3562 1441 3618 in
1479 3565 1739 3622 omnibus
1772 3584 1927 3641 apos-
