2320 4010
797 188 925 235 PARS
955 187 1198 235 SECUNDA.
1848 189 1935 235 ⁴97

138 297 259 353 Jam
291 314 442 364 vero,
491 295 697 351 nedum
725 313 1016 352 assensum
1062 296 1209 351 bunc
1251 293 1578 363 obtinuerit,
1619 300 1842 352 econtra
1868 296 1938 351 ab

65 399 302 465 utroque
348 377 608 448 Pontifice
646 390 906 463 Gregorio
947 390 1033 445 XII
1082 395 1135 446 ct
1174 389 1464 446 Benedicto
1500 389 1611 444 XIII
1645 390 1938 464 reprobata

67 487 191 543 suit.
233 487 497 560 Equidem
545 486 662 558 ejus
711 493 862 557 gesta
908 485 1250 541 confirmavit
1300 485 1609 542 Alexander
1631 485 1700 556 ‚V‚
1743 485 1838 559 qui
1880 485 1938 540 in

70 584 186 655 ipsa
221 584 428 639 electus
461 588 563 638 est.
593 585 656 636 At
686 587 834 636 certa
871 598 982 635 non
1004 581 1106 636 fuit
1134 581 1300 653 hujus
1342 581 1666 648 auctoritas,
1699 581 1938 654 hocipso

68 680 211 751 qnod
257 679 463 733 incerta
507 676 671 733 suerit
707 675 901 750 synodi
945 675 1359 731 oecumenicitas
1391 682 1446 731 et
1479 676 1821 748 legitimitas.

141 776 221 829 IV.
251 775 311 830 ln
337 781 442 828 toto
469 772 782 844 yeneraliter
809 773 928 827 orbe
969 772 1220 826 catholico
1254 773 1410 825 dubia
1453 776 1704 827 remansit
1729 774 1940 829 Pisanae

62 872 245 943 synodi
286 871 683 924 oecumenicitaS.
729 866 784 922 Si
827 885 924 939 pro
970 866 1312 920 oecumenica
1363 867 1700 937 generaliter
1749 869 1938 924 habita

62 966 256 1020 suisset
298 965 442 1019 dicta
473 963 736 1035 synoduS‚
781 961 1086 1016 extinctum
1131 962 1231 1014 boc
1282 961 1400 1033 ipso
1424 961 1622 1016 fuisset
1648 961 1933 1017 schisma:

59 1077 250 1115 omnes
277 1058 550 1130 siquidem
590 1056 963 1112 Alexandrum
993 1055 1028 1108 V
1055 1057 1111 1110 in
1150 1074 1212 1111 ea
1245 1057 1482 1111 electum
1513 1076 1611 1130 pro
1644 1075 1771 1113 vero
1802 1059 1939 1114 Pon-

61 1154 204 1211 tifice
228 1153 597 1226 agnovissent,
637 1159 687 1208 et
729 1151 866 1206 duos
902 1151 1058 1221 alios,
1091 1159 1356 1224 tanquam
1387 1152 1630 1224 legitime
1658 1154 1937 1227 depositos

64 1251 398 1322 rejecissent.
430 1250 595 1302 Porro
644 1255 869 1303 auctum
914 1248 1156 1303 schisma
1184 1248 1311 1316 suit,
1353 1251 1558 1304 nedum
1595 1251 1930 1315 extinctum;

65 1353 113 1401 et
156 1365 281 1401 enm
317 1351 474 1399 antea
524 1344 643 1397 duee
688 1350 903 1398 tantum
938 1351 1123 1399 essent
1171 1344 1520 1413 obedientiae,
1553 1365 1616 1400 ex
1665 1354 1795 1402 tunc
1822 1355 1936 1404 tres

63 1443 380 1498 extiterunt.
423 1442 533 1494 Imo
575 1440 654 1493 illi
698 1440 863 1495 etiam
915 1441 1008 1512 qui
1052 1442 1118 1494 ad
1169 1460 1365 1496 novam
1407 1443 1697 1498 Alexandri
1729 1445 1766 1499 V
1805 1446 1935 1501 obe-

63 1537 325 1592 dientiam
353 1536 683 1607 migrarunt,
714 1552 823 1589 non
860 1535 980 1590 ideo
1021 1536 1160 1590 duas
1205 1536 1341 1591 alias
1369 1538 1709 1594 obedientias
1760 1542 1934 1597 schis-

62 1633 223 1688 matis
272 1639 365 1687 aut
413 1634 682 1687 haereseos
733 1638 1030 1697 notarunt;
1087 1633 1624 1715 sed‘existimarunt
1685 1655 1803 1692 rem
1857 1638 1931 1693 ita

61 1729 350 1783 obscuram
394 1728 748 1797 remansisse,
785 1735 845 1781 ut
890 1728 1127 1800 quisque
1177 1729 1329 1785 licite
1371 1740 1554 1803 posset
1591 1733 1647 1786 in
1686 1752 1747 1788 ea
1784 1742 1933 1790 stare

60 1823 371 1878 obedientia
394 1840 515 1894 quae
538 1822 642 1894 ipsi
661 1823 1000 1894 probabilius
1027 1823 1271 1893 legitima
1296 1826 1594 1882 videretur.
1618 1829 1763 1884 Inter
1794 1849 1931 1903 prae—

54 1919 244 1991 cipuos
275 1935 405 1972 sane
433 1918 639 1971 Pisanae
670 1917 860 1990 synodi
889 1918 1207 1973 defensores
1249 1921 1475 1976 emicuit
1514 1923 1707 1978 Petrus
1742 1925 1808 1979 de
1835 1927 1927 1980 Al-

54 2014 211 2069 liaco.
250 2015 308 2070 Iit
333 2014 694 2068 nibilominus
721 2014 786 2069 de
810 2015 1027 2069 duabus
1049 2015 1175 2070 aliis
1199 2018 1551 2088 obedientiiS,
1577 2038 1698 2091 quae
1723 2022 1933 2078 Pisanae

58 2112 247 2185 synodi
277 2118 427 2183 gesta
459 2111 779 2183 rejiciebant
809 2118 860 2166 et
890 2111 1051 2166 nihili
1094 2113 1390 2181 faciebant,
1446 2115 1517 2171 ita
1547 2117 1663 2190 ipse
1688 2119 1927 2175 fatetur:

61 2208 250 2261 Tamen
294 2209 409 2261 duae
449 2209 740 2261 obedientiae
774 2209 994 2261 (luorum
1030 2212 1447 2265 contendentium
1487 2215 1830 2284 probabiliter
1867 2225 1935 2272 te·

57 2312 177 2354 nent
205 2305 550 2362 controv-itinn
585 2305 635 2354 in
669 2320 767 2371 qua
793 2305 1090 2370 opinionum
1110 2305 1318 2372 diversa
1347 2313 1395 2359 et
1427 2309 1650 2363 adversa
1677 2315 1933 2368 varietate

61 2414 163 2449 non
187 2407 302 2450 seint
344 2400 562 2450 minores
601 2397 932 2466 difficultates
969 2398 1107 2467 juris
1144 2406 1193 2451 et
1235 2402 1386 2470 facti,
1416 2421 1568 2473 quam
1605 2414 1724 2459 ante
1765 2412 1939 2463 conci-

60 2493 182 2546 lium
222 2493 471 2547 Pisanum
497 2500 607 2546 erat
647 2493 709 2546 de
742 2494 947 2563 justitia
989 2494 1206 2548 duorum
1235 2500 1650 2554 contenclentimn
1689 2502 1767 2575 (in
1796 2505 1934 2560 actis

59 2587 275 2642 concilii
305 2588 783 2652 Constantiensis).
824 2587 875 2641 Si
918 2589 1248 2658 generaliter
1291 2592 1671 2650 existimatum
1699 2606 1778 2653 est
1822 2618 1932 2655 non

57 2684 299 2738 minores
329 2701 614 2756 superesse
632 2683 987 2738 difficultates
1014 2691 1135 2756 post
1167 2686 1422 2742 Pisanam
1451 2691 1931 2766 synodn1n,qua1n

57 2786 204 2848 ante,
237 2779 354 2833 ideo
381 2796 510 2833 sane
539 2779 667 2850 quia
697 2779 1025 2849 generaliter
1050 2798 1146 2851 pro
1183 2780 1394 2838 incerta
1424 2786 1731 2843 habebatur
1764 2790 1934 2864 hujus

59 2875 246 2947 synodi
275 2875 709 2930 oecumenicitaS.

132 2969 402 3022 Pnorosrno
443 2969 523 3023 11³.
547 3003 614 3010 —
638 2970 792 3027 Gesta
824 2972 1029 3026 Pisanae
1053 2976 1236 3044 synodi
1266 2995 1366 3030 non
1393 2982 1615 3049 probant
1641 2999 1753 3035 eam
1791 2987 1929 3038 exis-

62 3063 268 3116 timasse
294 3064 582 3117 Romanum
605 3066 906 3136 Pontificem
931 3070 1145 3124 concilio
1167 3076 1470 3127 cremnenico
1496 3076 1675 3145 subjici
1691 3097 1708 3137 ;
1735 3078 1828 3130 sed
1842 3096 1935 3149 po-

61 3160 160 3212 tius
205 3160 518 3212 contrarium
552 3162 800 3215 evincunt.
826 3195 899 3201 —
943 3186 969 3214 «
998 3165 1119 3219 Ideo
1161 3167 1365 3221 Pisana}
1410 3169 1600 3239 synodi
1631 3178 1780 3240 gesta
1828 3174 1931 3228 sibi

61 3255 319 3327 prodesse
368 3254 668 3308 adversarii
722 3266 967 3322 censent,
1009 3260 1138 3329 quia
1177 3270 1519 3331 prat-sumunt
1565 3264 1741 3337 ipsam
1775 3286 1934 3342 sym)-

60 3350 191 3404 duin
223 3369 282 3404 ea
315 3351 379 3404 de
405 3368 568 3404 eausa
597 3350 920 3423 deposuisse
954 3355 1349 3410 contendentes
1379 3357 1540 3428 duos,
1568 3363 1716 3433 quod
1751 3364 1936 3423 Patres

58 3452 269 3502 certum
307 3447 619 3514 crederent,
647 3448 899 3518 generale
925 3449 1225 3505 concilium
1252 3454 1345 3526 jus
1365 3454 1564 3511 hahere
1593 3476 1759 3534 supra
1779 3463 1934 3519 Suni-

57 3560 174 3598 mos
201 3543 502 3598 Pontifices
537 3543 734 3599 Verum
772 3546 912 3599 hanc
945 3547 1277 3603 sententiam
1308 3550 1504 3608 iisdem
1535 3554 1784 3613 Patribus
1817 3579 1925 3616 non

295 3661 322 3690 Ι.
1627 3658 1681 3702 52
