2320 4010
899 193 1026 239 PARS
1055 192 1226 239 Palm.
1340 170 1346 172 ’
1539 247 1543 250 ,
1920 184 2006 231 209

128 293 442 374 hypothesis
481 293 629 367 quod
661 295 915 352 Christus
948 297 1254 370 primatum
1296 312 1575 352 annexum
1606 291 1864 362 voluerit,
1898 308 2009 346 non

130 392 209 449 illi
242 390 344 448 soli
378 389 492 446 sedi
524 407 689 463 quam
726 391 867 465 ipse,
899 391 987 447 vel
1019 392 1236 462 Petrus,
1265 391 1543 464 elegisset,
1571 390 1667 447 sed
1691 387 1858 444 variis
1886 404 2010 443 suc-

127 487 330 545 cessive
366 485 590 542 sedibus
616 485 824 558 quibus
847 486 990 544 Petri
1030 504 1380 543 successores
1411 487 1716 560 primatum
1742 484 1912 540 istum
1949 483 2009 538 in

134 583 411 659 posterum
441 589 730 639 annectere
752 583 977 639 vellent.
1005 582 1126 638 Haec
1165 600 1327 656 porro
1362 583 1678 656 hypothesis
1712 580 2011 655 rejicienda

134 681 372 738 videtur.

208 778 338 833 Nam
367 777 664 851 primatum
699 775 780 832 sic
804 774 1146 832 instituendo
1179 773 1442 829 mobilem
1469 778 1522 828 et
1553 773 1621 827 de
1653 789 1763 827 una
1789 774 1919 829 sede
1943 774 2013 829 ad

136 875 300 931 aliam
335 873 784 943 transscribilem,
818 871 1072 927 Christus
1113 888 1228 926 non
1254 870 1390 926 satis
1418 867 1674 923 Ecclesiae
1709 884 1824 923 suae
1863 867 2016 923 inco-

133 970 375 1025 lumitati
416 969 810 1026 consuluisset.
855 969 1007 1023 Tunc
1058 967 1264 1041 quippe
1300 966 1627 1037 frequenter
1669 963 2016 1035 contingeret

135 1072 196 1121 ut
235 1066 522 1121 saeculares
560 1070 858 1140 potestates
901 1064 1107 1119 vellent
1140 1069 1191 1118 et
1227 1061 1576 1136 postularent
1603 1061 1661 1115 in
1705 1077 1834 1116 suas
1869 1076 2018 1132 quae-

38 1147 42 1157 *
134 1178 241 1235 que
265 1161 500 1217 ditiones
542 1161 846 1235 primatum
894 1177 924 1214 a
964 1159 1209 1214 Romano
1234 1158 1499 1214 Pontifice
1523 1157 1835 1224 transserri;
1866 1175 2019 1213 cum-

137 1273 244 1329 que
285 1274 372 1312 res
421 1257 684 1329 penderet
730 1256 795 1310 ab
837 1255 1285 1327 uniuscujusque
1327 1254 1560 1310 Romani
1609 1252 1890 1308 Pontificis
1932 1270 2021 1308 ar-

138 1351 323 1421 bitrio,
374 1370 516 1426 saepe
549 1352 616 1407 ad
658 1350 935 1406 intentum
973 1350 1338 1405 obtinendum
1378 1351 1603 1405 fraudes
1656 1369 1716 1406 ac
1740 1349 2017 1407 violentiae

142 1446 554 1515 adhiberentur,
591 1453 643 1502 et
671 1447 750 1502 sic
777 1447 1107 1502 universalis
1139 1446 1392 1501 Ecclesiae
1420 1447 1671 1518 regimen
1713 1447 1854 1502 foret
1892 1466 2017 1521 per-

144 1543 549 1598 turbationibus
581 1549 630 1598 et
664 1541 1067 1597 mutationibus
1096 1541 1422 1596 obnoxium.

216 1638 442 1711 Insuper
476 1638 619 1692 dicta
662 1637 983 1714 hypothesis
1028 1637 1351 1692 adversatur
1383 1643 1664 1710 perpetuae
1701 1637 1923 1693 Patrum
1965 1646 2017 1694 et

141 1734 470 1790 saeculorum
496 1733 862 1806 persuasioni.
892 1732 1088 1787 Omnia
1117 1733 1327 1788 scilicet
1354 1735 1457 1789 hac
1483 1735 1550 1790 de
1569 1752 1628 1790 re
1653 1744 2016 1792 monumenta

137 1830 528 1898 ecclesiastica,
555 1831 640 1886 vel
662 1830 983 1903 exprimunt
1003 1831 1087 1886 vel
1106 1837 1434 1904 supponunt
1452 1832 1789 1887 contrariam
1815 1832 2016 1887 Christi

136 1925 574 1998 dispositionem,
604 1926 857 1982 videlicet
886 1948 896 1980 :
926 1926 1124 1983 Omnes
1157 1935 1209 1983 et
1242 1928 1388 1984 solos
1414 1928 1562 1984 Petri
1590 1945 1937 1984 successores
1963 1930 2017 1983 in

131 2021 263 2076 Sede
290 2023 544 2092 Romana,
579 2040 700 2079 esse
722 2023 895 2079 simul
934 2025 1052 2098 ejus
1092 2041 1467 2093 successores,
1508 2025 1566 2079 in
1595 2042 1853 2098 suprema
1888 2024 2015 2080 uni—

131 2119 396 2172 versalem
423 2118 717 2174 Ecclesiam
742 2120 972 2192 regendi
997 2127 1288 2193 potestate.
1313 2121 1469 2184 Quod
1495 2126 1682 2176 autem
1708 2121 2015 2194 primatum

132 2212 198 2267 de
236 2232 344 2268 una
371 2214 497 2269 sede
523 2215 589 2269 ad
617 2215 799 2270 aliam·
820 2217 1254 2272 transferibilem
1289 2217 1541 2272 Christus
1570 2217 1903 2287 instituerit,
1932 2225 2014 2274 est

135 2309 270 2381 quid
299 2307 355 2363 in
388 2318 499 2365 tota
528 2318 673 2365 retro
701 2312 1029 2383 antiquitate
1054 2313 1396 2381 inauditum,
1427 2314 1684 2387 quodque
1725 2315 1884 2371 nulla
1922 2315 2015 2371 Sa-

138 2418 357 2456 crarum
390 2404 801 2476 Scripturarum
836 2406 1071 2477 syllaba,
1110 2409 1262 2463 nullo
1299 2408 1617 2465 traditionis
1652 2419 2015 2467 monumento

138 2498 323 2555 fulciri
349 2507 543 2572 potest.
574 2502 746 2573 Igitur
778 2511 1014 2559 errasset
1040 2505 1281 2559 Ecclesia
1307 2523 1404 2577 per
1429 2506 1651 2578 longam
1680 2508 2012 2562 saeculorum

139 2595 357 2662 seriem,
404 2601 456 2650 et
495 2595 719 2667 quidem
763 2596 909 2652 circa
952 2597 1147 2669 dogma
1186 2598 1659 2655 fundamentalem
1702 2601 1790 2656 sui
1833 2602 2012 2675 ipsius

137 2691 583 2747 constitutionem
617 2693 1214 2766 attingens,.et,portae
1248 2694 1410 2750 inferi
1444 2702 1634 2751 contra
1664 2695 1839 2770 ipsam
1875 2715 2013 2772 prae-

138 2788 461 2858 valuissent,
494 2790 642 2861 quod
671 2808 956 2862 nunquam
981 2791 1298 2863 contingere
1324 2793 1522 2864 potuit.

212 2885 496 2955 Praeterea,
509 2887 564 2940 in
581 2886 725 2941 dicta
740 2888 1046 2959 hypothesi,
1063 2888 1219 2943 facile
1234 2890 1556 2962 contingere
1569 2895 1755 2964 posset
1768 2890 2011 2947 schisma

140 2985 193 3034 et
217 2979 448 3033 dubium
483 2981 549 3036 de
576 2982 823 3053 legitimo
850 2982 1101 3038 Ecclesiae
1125 2984 1319 3057 capite.
1356 2986 1535 3041 Posito
1568 2986 1890 3057 enim·quod
1916 2986 2016 3040 ali-

142 3073 266 3144 quis
309 3073 585 3130 Romanus
626 3076 892 3145 Pontifex,
926 3077 1080 3150 juxta
1122 3078 1282 3135 istam
1317 3081 1691 3154 hypothesim,
1730 3081 2012 3135 decretum

142 3169 287 3238 edat,
328 3188 436 3242 quo
478 3171 774 3244 primatum
818 3192 847 3228 a
889 3173 1023 3230 Sede
1060 3175 1304 3231 Romana
1341 3176 1648 3243 divulsum,
1695 3174 1858 3229 alteri
1894 3173 2011 3228 sedi

133 3265 248 3337 jam
286 3285 558 3323 annexum
595 3269 858 3339 declaret,
908 3271 963 3326 in
1000 3273 1363 3344 quaestionem
1391 3277 1686 3327 vocaretur
1721 3287 1858 3325 num
1906 3270 2015 3325 tale

138 3361 419 3417 decretum
439 3363 637 3420 divinae
658 3366 1039 3422 constitutioni
1065 3366 1317 3422 Ecclesiae
1341 3367 1748 3422 adversaretur.
1770 3366 2014 3439 Cumque

138 3458 365 3514 aliunde
389 3467 602 3516 certum
638 3462 708 3518 sit
741 3463 980 3519 divinam
1018 3463 1171 3517 illam
1198 3462 1653 3519 constitutionem
1687 3482 1757 3519 ne
1793 3464 1862 3519 ab
1895 3463 2012 3537 ipso

138 3554 303 3609 etiam
331 3572 548 3612 summo
577 3558 838 3614 Pontifice
871 3558 1078 3614 mutari
1111 3576 1292 3631 posse,
1334 3559 1401 3615 de
1430 3559 1618 3616 valore
1655 3561 1884 3635 hujusce
1919 3560 2010 3616 de-

372 3674 404 3705 1.
1690 3665 1749 3710 ss
