2372 4108
325 271 384 317 90
997 257 1296 306 TRACTATUS
1328 257 1393 304 nr,
1424 257 1567 307 PAPA.

327 385 390 436 ut
421 377 516 435 alii
557 372 835 432 antistites
873 368 1084 440 absque
1126 365 1310 441 ipsius
1356 365 1586 423 licentia
1620 368 1927 425 concilium
1961 369 2245 427 celebrare

328 478 632 550 nequeant,
674 466 932 540 sequitur
969 465 1382 540 agnoscendam
1417 465 1672 540 ejusdem
1711 467 1948 524 Romani
1985 468 2243 544 Episcopi

327 576 382 631 in
412 588 605 628 omnes
643 565 910 624 ecclesias
950 564 1433 639 jurisdictionem.
1477 565 1585 622 Nec
1619 566 1843 623 dicatur
1892 573 2093 642 sponte
2123 585 2249 623 con-

324 688 539 728 cessam
572 668 682 744 ipsi
723 687 753 723 a
785 665 1006 723 caeteris
1034 666 1325 742 Episcopis
1360 666 1640 740 ejusmodi
1680 665 2135 743 praerogativam,
2170 666 2246 723 ita

321 776 384 826 ut
416 767 694 826 censenda
718 767 790 824 sit
815 766 1109 822 dumtaxat
1128 765 1197 823 de
1217 766 1346 841 jure
1366 766 1770 838 ecclesiastice,
1802 785 1865 822 ac
1894 766 2064 823 etiam
2095 783 2248 822 revo-

323 869 543 926 cabilis
591 867 729 924 Nam
773 866 976 923 asserit
1013 865 1250 940 Legatus
1279 866 1334 922 id
1374 884 1642 940 nmquam
1682 866 1935 923 licuisse.
1972 865 2243 922 Licuisset

326 973 516 1024 autem
540 973 668 1023 ante
698 972 1032 1042 praetensam
1059 965 1514 1034 concessionem3
1543 966 1657 1022 imo
1692 971 1743 1022 et
1773 971 1920 1041 post,
1952 964 2243 1040 praemissa

325 1066 705 1123 concessionis
737 1065 1106 1123 revocatione..

401 1165 751 1224 Attendenda
782 1166 951 1222 etiam
972 1166 1136 1222 verba
1168 1167 1283 1222 brec
1309 1166 1601 1223 sententiae
1620 1170 1814 1222 contra
1837 1165 2166 1221 Dioscorum
2187 1163 2243 1219 in

328 1264 565 1321 concilio
608 1264 1044 1321 Calchedonensi
1085 1283 1113 1319 a
1159 1264 1374 1337 Legatis
1409 1265 1646 1321 Romani
1680 1263 1966 1321 Pontificis
1999 1282 2249 1339 pronun-

326 1365 510 1422 tiatae:
551 1365 753 1421 «Unde
796 1372 1026 1422 sanctus
1076 1383 1139 1420 ac
1176 1366 1542 1422 beatissimus
1575 1365 1721 1440 Papa
1757 1374 1911 1440 capnt
1937 1364 2249 1421 universalis

326 1464 570 1518 Ecclesiae
611 1464 736 1533 LeO,
779 1483 879 1538 per
916 1482 1016 1520 nos
1051 1465 1291 1520 vicarios
1327 1483 1484 1537 suos,
1531 1470 1727 1519 sancta
1772 1464 1984 1538 synodo
2019 1480 2252 1518 eonsen-

324 1560 519 1632 tiente,
537 1562 684 1618 Petri
697 1562 939 1635 Apostoli
959 1563 1219 1636 praeditus
1239 1563 1518 1636 diynitate,
1541 1562 1638 1634 qui
1662 1561 1919 1617 Ecclesiae
1942 1560 2249 1616 fundamen

325 1667 377 1717 et
411 1668 569 1735 petra
605 1660 756 1732 fidei,
791 1662 1037 1718 coelestis
1071 1661 1230 1736 regni
1266 1661 1479 1735 janitor
1517 1667 1908 1735 nuncupatur,
1945 1660 2250 1736 episcopali

330 1780 459 1816 eum
506 1761 895 1834 (Dioscorum)
940 1761 1216 1836 dignitate
1264 1761 1559 1817 nudavit»
1619 1761 2023 1831 (Conciliorum
2075 1761 2253 1817 Labbe

329 1868 482 1916 tomo
509 1860 590 1922 ΙΙΙ,
615 1860 721 1916 001.
747 1861 917 1931 1419,
951 1861 1085 1917 edit.
1112 1861 1366 1929 ParisiiS,
1391 1861 1585 1933 1671).
1610 1860 1747 1916 Huic
1779 1860 2035 1916 formulae
2068 1879 2253 1916 assen-

331 1959 521 2015 tiendo
570 1960 815 2034 synodus
857 1959 1325 2017 Calchedmiensis
1353 1961 1606 2035 professa
1635 1966 1715 2015 est
1748 1960 2063 2015 Romanum
2100 1959 2252 2034 Epis-

331 2077 536 2133 copum
566 2077 688 2116 esse
707 2068 862 2133 caput
884 2061 1199 2119 universalis
1215 2060 1479 2130 Ecclesiae,
1505 2064 1556 2113 et
1576 2059 1720 2115 Petri
1741 2059 1979 2132 Apostoli
1996 2059 2253 2132 difinitate

328 2161 629 2232 praeditunu
675 2160 823 2233 quod
871 2160 1103 2235 perinde
1142 2166 1221 2216 est
1274 2179 1336 2216 ac
1377 2159 1891 2233 jurisdictionalem
1954 2159 2075 2233 ejus
2125 2158 2239 2234 pri-

330 2266 544 2316 matum
582 2278 902 2332 agnoscere.

374 2423 378 2426 ,
405 2360 647 2416 Tandem
676 2361 983 2435 primatum
1006 2361 1238 2416 Rotnani
1270 2360 1550 2417 pontificis
1584 2361 1783 2435 probat
1818 2360 1968 2433 quod
1998 2359 2242 2432 contigit,

331 2458 479 2515 eirca
518 2458 803 2516 decretum
849 2480 958 2533 quo
997 2462 1185 2517 Patres
1228 2459 1704 2516 Calchedonenses
1737 2458 2246 2533 Constantinopoli-

332 2562 478 2613 tanae
522 2558 639 2614 sedi
683 2559 992 2615 secundum
1023 2559 1312 2633 dignitatis
1341 2560 1530 2616 locum
1568 2559 2014 2632 assignaverant,
2044 2557 2246 2631 rejecta

336 2657 403 2712 ad
436 2651 668 2715 tertium
695 2659 882 2715 locum
911 2660 1309 2717 Alexandrina.
1353 2659 1489 2715 Nam
1522 2661 1689 2715 hocce
1732 2658 2046 2727 decretum,
2083 2674 2147 2712 ex
2187 2674 2249 2710 eo

336 2760 453 2814 solo
484 2761 634 2831 quod
661 2761 806 2836 Papa
836 2762 881 2817 ci
906 2780 1197 2818 assensum
1229 2762 1360 2818 dare
1390 2760 1595 2830 noluit,
1627 2759 1685 2815 in
1714 2759 1939 2815 irritum
1967 2756 2128 2827 abiit,
2150 2775 2252 2811 nec

338 2859 450 2914 vim
474 2861 697 2915 concilii
715 2863 1044 2918 oecumenici
1067 2863 1280 2919 babuit.
1307 2864 1447 2918 Sane
1464 2862 1577 2918 nisi
1598 2862 1743 2936 Papa
1765 2859 2116 2935 superiorem
2131 2875 2256 2912 con-

340 2958 468 3013 cilio
513 2959 906 3017 auctoritatem
949 2962 1259 3032 habuisset,
1312 2962 1602 3018 decretum
1648 2961 1825 3029 istud,
1865 2959 2257 3014 nonobstante

340 3056 499 3131 Papae
553 3055 814 3113 dissensu
844 3102 857 3128 ,
916 3057 1167 3114 validum
1222 3077 1345 3115 esse
1395 3058 1701 3114 debuisset.
1777 3057 1850 3112 De
1910 3073 2020 3128 quo
2072 3053 2256 3110 fusius

343 3156 509 3213 infra.

420 3255 502 3312 IV.
553 3257 630 3312 Ea:
663 3260 793 3314 actis
845 3259 1173 3314 oecnmenicae
1215 3266 1381 3314 seoetae
1427 3257 1608 3330 synodi
1635 3299 1650 3326 ,
1688 3273 1802 3328 (111ae
1837 3254 1938 3325 suit
1969 3253 2262 3311 Constanti-

345 3358 656 3432 nopolitano
681 3360 862 3428 tertia,
897 3362 1022 3414 (mni
1054 3358 1183 3415 680.
1221 3359 1379 3414 —In
1413 3359 1516 3413 hac
1544 3356 1755 3432 synodo
1787 3355 2039 3430 primum
2072 3354 2261 3409 locum

349 3461 653 3515 tenuerunt
718 3458 1027 3532 Agathonis
1072 3459 1231 3533 Papae
1286 3457 1474 3530 legati.
1540 3455 1717 3512 Lectis
1773 3459 1960 3510 autem
2011 3451 2260 3525 ejusdem

351 3554 647 3624 Agathonis
670 3556 899 3629 litteris,
921 3556 1185 3612 dixerunt
1203 3555 1393 3611 Patres
1422 3576 1432 3609 ε
1486 3576 1511 3608 «
1546 3554 1816 3610 Summus
1847 3554 2036 3609 autem
2076 3547 2260 3604 nohis-

354 3667 482 3706 eum
510 3656 758 3711 certabat
786 3656 1181 3731 Apostolorum
1210 3655 1473 3730 princeps
1499 3677 1510 3710 t
1542 3653 1699 3709 illius
1730 3649 1883 3707 enim
1922 3647 2263 3705 imitatorem

354 3754 406 3804 et
453 3753 591 3807 seclis
632 3773 985 3812 successorem
1043 3754 1352 3810 habuimus
1411 3754 1712 3824 fautorem,
1765 3756 1817 3806 et
1874 3749 2050 3806 divini
2091 3767 2270 3805 saera-

1669 3940 1702 3970 Cr
