2410 4114
447 257 501 305 18
692 247 701 253 ⁴
1121 249 1411 297 TRACTATUS
1442 250 1506 296 DE
1538 249 1680 296 PAPA.

443 361 699 423 cribendi
723 386 735 431 ;
769 379 833 418 ac
855 364 1124 418 tenentur
1148 357 1339 415 caeteri
1364 351 1582 428 omneS,
1611 374 1682 414 ne
1706 375 1737 414 a
1765 364 1920 415 recta
1945 359 2056 417 fide
2075 360 2360 433 aberrent,

440 464 603 520 Petro
645 459 727 516 sic
754 456 1111 533 praecipienti
1146 456 1405 530 obsequi.
1445 456 1616 522 Porro
1651 455 1930 530 ejusmodi
1961 465 2230 532 potestaS‚
2276 468 2362 517 est

439 559 719 635 primatus
738 554 1155 631 jurisdictionis
1183 574 1249 612 ac
1269 572 1547 629 supremae
1573 554 1926 612 auctoritatis
1969 556 2119 613 circa
2163 557 2357 631 fidem,

438 663 493 714 et
527 656 677 711 circa
703 672 767 711 ea
793 671 918 730 quae
964 653 1035 709 ad
1059 653 1228 710 fidem
1264 653 1573 728 pertinent.
1619 654 1685 709 Et
1717 672 1848 709 cum
1888 653 1960 710 ad
1991 653 2161 710 fidem
2191 657 2360 729 perti-

434 762 604 812 neant
635 755 806 812 etiam
834 770 1023 810 mores
1072 771 1138 809 ac
1185 752 1466 826 generalis
1510 752 1833 827 disciplina,
1878 752 2133 826 sequitur
2173 753 2354 823 Petro,

434 872 533 930 per
570 853 738 909 citata
778 852 969 921 verba,
1005 850 1275 908 collatum
1318 867 1512 907 revera
1541 850 1718 907 fuisse
1748 849 2060 925 primatum
2082 851 2354 924 jurisdic-

432 952 623 1023 tioniS,
651 969 751 1008 seu
787 968 1115 1025 supremam
1159 949 1539 1022 gubernandae
1574 948 1916 1005 universalis
1941 949 2202 1005 Ecclesiae
2224 967 2355 1006 auc-

430 1052 746 1109 toritatem.

506 1150 567 1206 V.
599 1151 678 1206 Ex
703 1152 873 1206 verbis
898 1150 1115 1219 Christi,
1145 1167 1287 1206 misce
1316 1166 1466 1203 Aenos
1483 1167 1677 1204 MEOS...
1696 1167 1845 1204 Pasce
1861 1167 1983 1204 oves
2000 1167 2143 1204 meas,
2165 1182 2235 1191 —
2255 1149 2346 1205 Sic

429 1267 634 1323 nempe
663 1249 830 1305 hahet
849 1254 1036 1305 textus
1059 1247 1156 1303 ille
1182 1247 1354 1321 (apud
1368 1247 1662 1315 Joannem,
1691 1265 1797 1315 xxi,
1827 1246 2025 1319 15-17)
2052 1267 2062 1298 ε
2100 1268 2127 1299 «
2153 1246 2346 1302 Simon

426 1347 674 1415 Joannis,
705 1345 895 1418 diligis
916 1362 1004 1400 me
1031 1344 1160 1419 plus
1189 1344 1310 1400 his?
1336 1343 1478 1399 Dicit
1505 1343 1588 1400 ei:
1618 1343 1822 1412 Etiam,
1857 1343 2114 1413 Domine,
2148 1350 2208 1398 tu
2236 1343 2347 1399 scis

427 1445 561 1516 quia
586 1462 713 1498 amo
745 1450 820 1498 te.
859 1442 999 1498 Dicit
1032 1442 1083 1498 ei
1123 1463 1133 1495 :
1163 1442 1335 1496 Pasce
1378 1459 1554 1513 agnos
1595 1459 1775 1496 meos,
1801 1463 1828 1494 »
1861 1441 1988 1497 Post
2034 1441 2344 1497 secundam

423 1542 634 1597 amoris
659 1541 1146 1616 protestationem,
1189 1541 1351 1594 Petro
1377 1539 1589 1594 iterum
1616 1540 1830 1594 dicitur
1860 1561 1871 1592 ε
1912 1541 2133 1595 «Pasce
2174 1557 2347 1612 agnos

424 1659 603 1698 meos,
636 1662 662 1693 »
693 1641 757 1695 Et
791 1644 919 1714 post
958 1638 1187 1695 tertiam
1235 1636 1728 1710 protestationem,
1779 1636 1831 1693 ei
1872 1636 2006 1692 dicit
2044 1638 2299 1695 Christus
2332 1660 2342 1692 :

428 1761 453 1792 «
486 1741 655 1794 Pasce
678 1754 806 1793 oves
854 1754 1028 1792 meas.
1062 1757 1088 1787 »
1121 1735 1201 1790 Ibi
1233 1734 1460 1790 scilicet
1493 1753 1667 1807 agnos
1708 1740 1763 1791 et
1787 1754 1915 1791 oves
1951 1738 2217 1810 pascendi
2256 1756 2348 1812 po-

397 1844 620 1916 ‘testaS,
649 1837 706 1893 in
731 1835 1032 1910 praemium
1054 1833 1290 1903 amoris,
1328 1834 1488 1889 Petro
1526 1834 1838 1890 confertur.
1862 1835 1982 1889 Jam
2008 1854 2139 1891 vero
2169 1836 2223 1891 1⁰
2250 1855 2346 1911 po-

422 1942 593 1994 testas
620 1935 718 1991 illa
743 1933 926 2008 quoad
973 1951 1154 1988 omnes
1188 1950 1316 1988 oves
1357 1937 1410 1987 et
1454 1950 1627 2006 agnos
1672 1931 2042 2007 intelligenda
2069 1941 2173 1990 est.
2206 1934 2343 1991 Nam

423 2034 730 2112 propositio
761 2030 1101 2089 universalis
1138 2038 1245 2102 est,
1284 2049 1415 2087 cum
1444 2030 1666 2086 dicatur
1694 2031 2030 2106 simpliciter
2069 2052 2232 2108 pasce
2261 2054 2346 2106 aq-

424 2154 542 2204 nos,
570 2153 729 2208 pasce
754 2152 894 2205 oveS,
926 2150 1041 2188 non
1071 2138 1287 2202 autem,
1314 2148 1474 2204 pasce
1509 2130 1715 2203 aliquos
1738 2150 1928 2204 (cynos,
1971 2132 2179 2206 aliquas
2200 2153 2340 2190 ovea.

420 2235 655 2308 Insuper
674 2234 756 2288 liae
774 2249 936 2288 voces
953 2230 1209 2286 eamdem
1237 2229 1625 2286 extensionem
1650 2230 1860 2287 habent
1886 2249 1951 2286 ac
1978 2231 2126 2287 istae:
2153 2255 2180 2286 «
2198 2233 2344 2289 Pono

423 2331 669 2387 animam
691 2348 876 2386 meam
897 2347 998 2403 pro
1023 2328 1219 2385 ovibus
1244 2327 1430 2383 meis»
1459 2328 1679 2401 (Joann.
1708 2348 1764 2398 x,
1796 2331 1915 2402 15),
1941 2349 2066 2404 quae
2092 2332 2343 2405 profecto

424 2431 491 2486 de
513 2431 751 2485 omnibus
780 2428 980 2485 ovibus
1002 2426 1383 2500 intelligendae
1407 2432 1562 2483 sunt.
1589 2427 1829 2502 Insuper
1853 2428 2022 2485 verba
2054 2432 2170 2486 haec
2188 2449 2342 2486 eum-

423 2529 549 2584 dem
578 2546 813 2584 sensum
849 2527 1061 2583 habent
1105 2543 1168 2582 ac
1218 2525 1264 2582 si
1304 2525 1517 2580 dictum
1551 2527 1713 2583 Petro
1761 2527 1964 2584 fuisset
1995 2549 2006 2582 :
2033 2528 2203 2585 Ovilis
2230 2530 2338 2586 mei

421 2645 616 2683 curam
652 2626 813 2682 habe.
852 2626 1120 2681 Praeterea
1152 2644 1283 2681 cum
1311 2626 1522 2683 dicitur
1553 2627 1612 2682 in
1642 2633 1978 2684 testamento
2005 2651 2014 2682 :
2042 2628 2192 2684 Bona
2217 2647 2341 2684 mea

420 2724 519 2780 tali
559 2723 767 2780 haeredi
792 2723 1074 2797 relinque,
1106 2722 1161 2778 id
1191 2723 1259 2779 de
1285 2724 1450 2780 honis
1483 2727 1726 2781 omnibus
1755 2724 2039 2780 testatoris
2069 2724 2338 2798 intelligi-

421 2827 534 2877 tur.
563 2821 628 2875 Et
651 2821 877 2876 tandem
910 2821 1068 2876 dictae
1098 2839 1261 2878 voces
1289 2823 1504 2879 absone
1546 2822 2006 2894 intelligerentur
2039 2823 2106 2878 de
2149 2823 2340 2896 aliqui-

422 2920 514 2974 bus
542 2919 816 2973 duntaxat
843 2918 1040 2973 ovibus
1066 2925 1120 2974 et
1155 2919 1339 2992 agnis,
1371 2920 1629 2976 Christus
1655 2919 1809 2999 eni‘m
1835 2938 1947 2976 non
1977 2919 2340 2978 determinas-

423 3021 504 3072 set
531 3033 787 3088 quaenam
822 3021 1011 3071 essent
1033 3015 1156 3071 istae
1173 3015 1371 3090 aliquae
1403 3035 1558 3086 oves,
1590 3034 1730 3089 quas
1747 3018 1909 3073 Petro
1938 3017 2334 3074 commisisset.

419 3113 656 3170 Proinde
703 3131 818 3168 non
861 3117 1050 3187 posset
1078 3114 1276 3170 Petrus
1323 3132 1417 3170 eas
1463 3113 1804 3170 discernere.
1842 3114 1997 3170 Unde
2038 3115 2220 3170 nullas
2269 3115 2337 3171 de

318 3271 326 3278 ,
404 3214 563 3271 facto
586 3212 902 3288 pascendas
933 3211 1262 3286 recepisset,
1292 3231 1423 3268 cum
1451 3212 1642 3268 nullas
1672 3201 1903 3287 pascere
1930 3219 2133 3289 posset.
2157 3214 2338 3288 Igitur

420 3320 635 3370 certum
662 3318 749 3369 est
777 3311 832 3367 1⁰
860 3329 1023 3368 voces
1044 3313 1210 3380 istaS,
1233 3329 1393 3384 pasce
1421 3330 1606 3384 a97203,
1622 3331 1784 3386 pasce
1810 3331 1948 3382 ores,
1972 3314 2040 3370 de
2069 3314 2334 3369 omnibus

420 3413 615 3469 ovibus
650 3418 704 3468 et
731 3411 891 3485 agnis
926 3429 1051 3468 esse
1081 3410 1499 3484 intelligendas.

496 3511 551 3564 2⁰
599 3511 688 3566 Sic
733 3510 1030 3567 intellectae
1071 3527 1234 3566 voces
1263 3509 1387 3566 istae
1430 3509 1739 3585 primatum
1776 3508 2190 3585 jurisdictionis
2233 3527 2331 3567 seu

423 3623 744 3680 supremam
776 3609 1008 3681 regendi
1041 3608 1436 3665 auctoritatem
1481 3615 1751 3683 arguunt.
1783 3608 1923 3663 Nam
1964 3612 2155 3681 pastor
2186 3595 2330 3665 rela-

421 3702 530 3758 tive
567 3702 637 3758 ad
663 3720 790 3760 oves
822 3723 976 3774 suaS,
1003 3707 1110 3762 hoc
1132 3707 1255 3780 ipso
1280 3706 1432 3778 quod
1461 3706 1535 3762 sit
1565 3710 1778 3780 pastor,
1809 3708 2145 3778 potestatem
2187 3705 2331 3779 regi-

2031 3844 2059 3866 .,
