2372 4108
264 231 322 278 52
941 220 1234 270 TRACTATUS
1264 221 1330 267 DE
1360 221 1510 268 ΡΑΡΑ.

341 337 568 412 Objectio
597 338 792 410 prima.
825 362 895 372 -
925 329 1044 384 Non
1089 327 1363 403 probatur
1390 347 1455 385 ex
1489 329 1770 405 scriptura
1795 350 1978 405 sacra,
2006 330 2182 407 Baby-

259 437 450 495 lonem
478 455 508 492 a
533 435 690 490 Petro
715 431 1086 486 memoratam
1119 445 1243 484 esse
1268 427 1469 484 urbem
1499 427 1756 485 Romam.

282 558 285 561 ·
339 532 671 608 Respondeo.
704 560 775 570 —
801 526 951 583 Licet
975 526 1080 583 hoc
1106 544 1222 582 non
1255 527 1530 602 probetur
1572 545 1637 583 ex
1669 526 1960 603 Scriptura
1995 547 2178 601 sacra,

256 632 532 708 probatur
586 624 838 695 aliunde,
885 623 1162 680 nimirum
1209 641 1276 680 ex
1327 624 1693 698 antiquorum
1744 625 1974 698 Patrum
2023 626 2182 700 testif

258 728 472 785 monio.

335 828 563 902 Objectio
602 825 853 882 secunda.
889 858 960 864 ——
994 823 1222 880 Petrum
1259 823 1496 879 Romam
1541 822 1708 881 ivisse
1745 825 1999 899 primum
2034 841 2183 882 asse-

254 927 370 983 ruit
396 925 619 1001 Papias,
643 923 729 980 vir
759 923 987 998 ineptus
1012 946 1022 990 ;
1072 927 1123 978 et
1161 922 1450 979 subsecuti
1493 927 1682 998 patres
1705 922 1829 996 ejus
1853 922 2181 979 testimonio

255 1023 471 1099 decepti
505 1026 658 1078 sunt.

333 1121 664 1196 RespondeO.
686 1153 756 1161 —-
782 1118 976 1183 Quoad
1003 1118 1284 1193 ejusmodi
1311 1118 1525 1175 factum
1545 1118 1728 1195 decipi
1753 1136 1868 1175 non
1901 1117 2179 1194 potuisse,

256 1239 361 1278 nec
384 1220 636 1296 Papiam,
666 1236 770 1275 nec
802 1222 885 1273 tot
918 1217 1058 1274 alios
1091 1217 1228 1274 adeo
1255 1218 1510 1293 proxime
1537 1219 1903 1285 subsecutos3
1951 1218 2051 1291 qui
2084 1217 2182 1273 Pa-
2241 1282 2245 1285 ,

253 1319 359 1394 piae
399 1317 823 1393 simplicitatem
865 1321 918 1372 et
960 1333 1180 1372 errores
1221 1315 1407 1372 varios
1453 1335 1567 1372 non
1613 1317 1987 1390 ignorarunt,
2019 1315 2116 1372 sed
2152 1332 2182 1372 e

251 1422 448 1472 contra
479 1420 772 1471 notarunt.

329 1513 553 1585 Objectio
575 1514 754 1567 tertia.
783 1544 854 1552 --
879 1511 1176 1586 Disputant
1195 1512 1429 1583 eruditi,
1464 1531 1536 1568 an
1562 1512 1804 1582 Claudii,
1840 1531 1912 1569 an
1942 1511 2181 1568 Neronis

250 1618 509 1686 tempore
546 1615 777 1666 sanctus
821 1607 1020 1664 Petrus
1060 1608 1295 1666 Romam
1346 1610 1606 1685 petiverit
1638 1630 1671 1665 ε·-
1697 1629 1828 1685 ergo
1876 1629 2179 1686 nunquam

250 1709 440 1765 Romae
475 1708 606 1763 fuit.

330 1806 668 1878 RespomleO.
698 1839 769 1847 —-
827 1805 882 1860 Si
909 1805 1118 1861 valeret
1157 1806 1594 1878 argumentatio,
1629 1812 1965 1880 sequeretur
1991 1806 2177 1864 Domi-

250 1923 391 1960 num
435 1910 694 1960 nostrum
734 1904 924 1960 ,Iesum
961 1904 1248 1960 Christum
1277 1923 1575 1978 nunquam
1611 1912 1834 1977 natum,
1876 1925 2177 1981 nunquam

251 2004 407 2061 cruci
447 2002 679 2059 affixum
707 2004 911 2072 fuisse3
952 2023 1083 2060 cum
1112 2004 1179 2060 de
1212 2004 1302 2060 dic
1330 2023 1393 2060 ac
1418 2024 1564 2062 anno
1607 2005 1729 2080 ejus
1770 2006 2082 2063 nativitatis
2114 2023 2179 2064 ac

255 2103 459 2159 mortis
484 2094 653 2159 etiam
674 2121 828 2159 nunc
859 2102 1153 2185 disputent
1180 2104 1410 2160 eruditi.

330 2201 557 2275 objectio
595 2210 804 2275 quarta.
831 2237 906 2246 --
939 2203 994 2260 Si
1035 2203 1231 2259 Petrus
1272 2203 1507 2259 Romam
1549 2203 1822 2277 venisset,
1862 2204 1920 2261 id
1960 2205 2020 2261 in
2061 2206 2180 2264 suis

253 2303 481 2378 scriptis
507 2321 620 2358 non
649 2302 938 2359 siluissent
968 2308 1201 2359 sanctus
1226 2303 1436 2360 Paulus
1467 2309 1520 2359 et
1549 2309 1776 2360 sanctus
1802 2303 1998 2360 Lucas,

331 2402 755 2476 Respondeo.—
779 2402 1145 2476 Nequaquam
1186 2407 1464 2476 repugnat
1509 2401 1738 2458 siluisse
1778 2408 2037 2458 sanctum
2080 2400 2183 2458 Lu-

250 2521 399 2573 cam,
438 2501 588 2574 quod
627 2500 754 2557 vide
791 2501 916 2558 fuse
957 2502 1258 2577 probatum
1289 2520 1319 2556 a
1360 2501 1671 2557 Mamachio
1703 2500 1847 2573 (loco
1872 2500 2089 2575 citato).
2119 2501 2180 2556 In

251 2599 499 2675 Epistola
525 2618 657 2656 vero
691 2601 872 2657 sancti
907 2600 1062 2656 Pauli
1103 2600 1170 2655 ad
1219 2600 1499 2656 Romanos
1540 2600 1753 2655 mirum
1790 2618 1902 2656 non
1941 2605 2023 2656 est
2065 2618 2180 2655 non

253 2699 374 2754 fieri
415 2700 762 2756 mentionem
808 2700 876 2756 de
919 2706 1112 2756 sancto
1158 2701 1340 2771 Petr0,
1377 2700 1509 2773 quia
1544 2706 1683 2757 tunc
1709 2707 1940 2758 sanctus
1982 2699 2180 2757 Petrus

251 2796 440 2850 Romae
471 2815 583 2851 non
611 2798 825 2868 aderat,
864 2798 1122 2870 quamvis
1151 2804 1314 2854 antea
1341 2798 1576 2854 Romam
1615 2798 1860 2856 venisset
1896 2804 1949 2856 et
1989 2802 2181 2874 postea

254 2894 508 2950 redierit.
533 2895 605 2949 De
632 2913 740 2968 quo
764 2896 887 2950 vide
911 2896 1148 2951 citatum
1175 2897 1572 2952 Mamachium.

330 2993 472 3048 No'rA
504 2993 581 3048 2⁰.
612 3025 682 3032 —
709 2993 787 3048 De
819 2982 1132 3049 clarioribus
1161 3013 1188 3048 e
1214 3002 1357 3049 secta
1382 2998 1794 3068 protestantium
1834 2997 2184 3069 scriptoribus

254 3094 343 3164 qui
378 3091 434 3147 S.
463 3091 684 3146 Petrum
708 3090 932 3147 Romam
950 3094 1155 3148 venisse
1191 3092 1354 3163 fateri
1388 3095 1554 3149 coacti
1576 3100 1718 3151 sunt.
1758 3093 2024 3158 Quamvis
2052 3111 2181 3168 pro-

254 3190 586 3246 testantium
622 3190 814 3265 plures
857 3196 1118 3247 sanctum
1162 3192 1387 3247 Petrum
1429 3210 1725 3266 nunquam
1751 3192 1940 3249 Romae
1973 3192 2181 3248 consti—

254 3288 388 3344 tisse
420 3289 847 3362 contenderent,
884 3290 981 3346 alii
1021 3296 1214 3348 tamen
1250 3290 1423 3347 multi'
1450 3309 1514 3347 ac
1543 3291 1861 3347 eruditione
1890 3290 2179 3363 clariores,

254 3388 711 3446 testimoniorum
741 3390 1019 3447 evidentia
1042 3392 1609 3463 coacti,contrarium
1630 3391 1868 3448 confessi
1898 3396 2050 3461 sunt.
2075 3391 2179 3460 lta,

259 3483 404 3539 inter
433 3487 570 3542 alios
606 3510 616 3542 :

343 3582 393 3633 10
431 3582 705 3658 Josephus
728 3585 996 3660 Scaliger,
1023 3586 1080 3642 in
1110 3586 1410 3645 Chronicon
1439 3589 1654 3644 Eusebii
1678 3630 1692 3656 ,
1719 3602 1845 3660 pag.
1878 3583 2012 3655 197,
2040 3585 2176 3641 edit.

266 3678 439 3744 16583
491 3713 558 3721 —
584 3682 638 3736 2⁰
672 3682 876 3740 Sethus
909 3685 1087 3741 Calvis
1109 3729 1123 3754 ‚
1158 3685 1217 3739 in
1249 3685 1481 3759 Nerone,
1511 3684 1858 3754 chronologi,
1886 3698 2013 3755 pag.
2043 3683 2180 3752 451,
