2372 4108
342 175 432 255 {24
1015 197 1313 247 TRACTATUS
1344 198 1410 245 DE
1440 199 1584 248 PAPA.

342 317 508 375 vendi
555 332 695 389 quos
745 309 991 386 synodus
1012 309 1206 383 inique
1242 309 1629 383 damnaverat,
1654 318 1709 369 et
1753 313 2061 370 damnandi
2099 316 2257 374 nulla

342 417 614 474 existente
640 409 849 485 synodo
886 427 1028 483 quos
1059 410 1332 486 oportuit,
1363 411 1627 469 hahuerit
1663 413 2013 471 facultatem.
2042 414 2259 474 Sanctae

342 509 626 568 memoriae
663 506 873 583 quippe
891 507 1263 566 Athanasium
1305 510 1554 586 synodus
1597 511 1898 568 Orientalis
1936 512 2256 582 addixerat;

341 627 509 683 quem
556 614 753 689 tamen·
793 614 1092 685 exceptum
1129 610 1298 666 Sedes
1347 610 1687 686 Apostolica,
1737 611 1870 685 quia
1913 612 2263 670 damnationi

340 709 663 765 Graecorum
717 727 831 765 non
893 711 1203 782 consensit,
1251 711 1487 768 absolvit
1528 734 1554 764 »
1628 712 2034 778 (Conciliorum
2085 713 2266 771 Labhe

339 817 492 867 tomo
519 810 604 880 lv,
635 811 741 867 col.
776 809 947 880 1205,
978 810 1116 868 edit.
1147 811 1397 882 Parisiis,
1432 812 1625 883 1671).

421 909 476 966 4.
522 908 579 964 ln
607 908 833 965 decreto
862 928 964 967 suo
982 910 1050 966 de
1084 912 1423 990 apocryphis
1457 911 1780 986 scripturis,
1811 912 1962 985 quod
1989 911 2169 969 edidit
2210 913 2269 970 in

342 1007 581 1064 concilio
603 1008 875 1077 Roman0,
923 1010 1055 1066 anni
1086 1011 1198 1067 494
1238 1032 1248 1064 ε
1305 1033 1332 1064 «
1361 1010 1624 1077 Quamvis
1650 1011 1928 1068 universae
1949 1029 2049 1087 per
2075 1012 2269 1068 orbem

344 1108 637 1164 catholicae
669 1109 928 1166 Ecclesiae
954 1128 1104 1167 unus
1132 1112 1419 1168 thalamus
1453 1111 1659 1168 Christi
1692 1112 1829 1183 sint,
1866 1118 2059 1168 sancta
2080 1118 2271 1169 tamen

344 1205 593 1263 Romana
620 1207 899 1263 catholica
927 1213 978 1264 et
1011 1209 1316 1283 apostolica
1338 1209 1585 1266 Ecclesia
1609 1210 1767 1266 nullis
1795 1211 2061 1283 synodicis
2082 1214 2271 1267 consti·

346 1307 474 1360 tutis
502 1308 698 1361 caeteris
717 1307 967 1362 Ecclesiz's
997 1309 1213 1381 praelata
1243 1317 1341 1379 est,
1367 1310 1462 1364 secl
1489 1310 1789 1381 evanyelica
1819 1326 1942 1364 voce
1971 1308 2188 1364 Domini
2219 1319 2269 1366 et

347 1401 644 1459 Salvatoris
681 1408 852 1460 nostri
877 1407 1165 1478 primatum
1199 1408 1439 1476 obtinuit,
1473 1415 1526 1462 tu
1554 1425 1609 1462 es
1645 1407 1839 1463 Petrus
1863 1405 2193 1479 inquientis,
2220 1415 2267 1463 et

343 1519 501 1574 snper
528 1502 668 1557 hanc
685 1510 969 1576 petram...
1006 1504 1097 1559 Est
1125 1522 1255 1578 ergo
1282 1507 1461 1578 prima
1501 1504 1648 1560 Petri
1683 1503 1933 1579 Apostoli
1966 1502 2132 1559 Sedes
2164 1503 2267 1560 Ro-

347 1617 512 1655 mana
540 1599 804 1670 Ecclesia,
828 1620 940 1657 non
960 1602 1170 1658 habens
1192 1603 1475 1658 maculam
1492 1621 1676 1676 neque
1697 1621 1921 1677 rugam,
1939 1620 2041 1659 nec
2053 1602 2268 1676 aliquid

347 1697 697 1769 hujusmodi.
765 1698 1013 1754 Secunda
1073 1706 1261 1755 autom
1312 1700 1482 1755 Sedes
1529 1699 1678 1774 apud
1728 1699 2195 1757 Alexandriam..‚
2237 1724 2263 1754 »

349 1795 743 1862 (Conciliorum
765 1797 945 1853 Labhe
978 1803 1131 1853 tomo
1159 1799 1243 1868 lV,
1284 1799 1392 1854 col.
1418 1799 1588 1867 1261,
1619 1798 1755 1854 edit.
1794 1798 2042 1871 Parisiis,
2076 1800 2258 1863 1671).

424 1895 477 1949 5.
527 1893 582 1947 ln
613 1893 855 1950 Concilio
888 1895 1164 1966 Romano,
1201 1896 1333 1951 anni
1370 1896 1502 1967 495,
1543 1897 1660 1951 liaec
1694 1895 1897 1951 effatus
1933 1901 2014 1950 est
2039 1899 2266 1952 s‘anctus

345 1992 596 2049 Gelasius
621 2015 632 2050 :
666 2017 692 2046 «
717 1994 887 2050 Sedes·
908 1997 1246 2071 Apostolica,
1270 2016 1394 2070 qua]
1416 1997 1625 2055 Christo
1646 1997 1868 2051 ‚Dome‘no
1893 1996 2170 2068 cleleqantc
2189 2005 2266 2052 to-

346 2096 450 2149 tius
485 2094 727 2151 Ecclesiae
765 2099 954 2153 retinet
988 2100 1378 2171 principatum,
1424 2116 1523 2172 pro
1564 2096 1982 2172 dispensatione
2019 2114 2264 2169 curaque

344 2195 614 2267 generali,
649 2215 893 2269 quam...
926 2220 953 2251 »
995 2199 1391 2271 (Conciliorum
1425 2198 1629 2269 Labhe,
1655 2204 1807 2253 tomo
1830 2197 1913 2267 IV,
1957 2197 2062 2253 col.
2089 2197 2260 2269 1271,

344 2295 478 2353 edit.
506 2296 756 2367 ParisiiS,
788 2299 977 2370 1671).
1010 2299 1081 2354 Ex
1107 2299 1174 2354 iis
1201 2300 1451 2355 textibus
1471 2298 1801 2374 plenissime
1827 2304 2047 2354 constat
2083 2285 2263 2353 sancti

341 2393 542 2451 Gelasii
567 2398 857 2470 persuasio
880 2398 947 2454 de
976 2399 1423 2473 jurisdictionali
1445 2399 1604 2456 Sedis
1623 2399 1888 2454 Romame
1921 2398 2193 2473 primatu.

416 2494 636 2549 SAnc'ros
676 2496 976 2553 Amisi-mes
1002 2499 1065 2567 11,
1113 2499 1211 2571 qui
1241 2505 1460 2555 creatus
1495 2504 1577 2554 est
1605 2498 1879 2567 Pontifex,
1913 2515 2061 2553 anno
2090 2498 2220 2554 496.

420 2591 472 2646 1.
520 2591 582 2647 ln
619 2593 818 2650 litteris
846 2594 962 2651 suis
992 2595 1060 2650 ad
1089 2595 1451 2651 Anastasium
1479 2596 1878 2671 imperatorem
1905 2616 1915 2648 ε
1967 2616 1995 2646 «
2024 2594 2125 2649 Per
2156 2594 2260 2649 mi-

342 2689 641 2748 nisterium
671 2695 1009 2751 humilitatis
1032 2715 1189 2767 meae,
1213 2697 1356 2753 sicut
1385 2714 1608 2772 semper
1627 2703 1730 2767 est,
1760 2695 1927 2752 Sedes
1946 2694 2098 2750 Beati
2116 2694 2261 2750 Petri

342 2789 396 2840 in
419 2792 709 2847 universali
731 2794 964 2850 Ecclesia
987 2800 1307 2869 assiynatnnz
1332 2799 1429 2852 sibi
1456 2816 1487 2852 a
1518 2797 1743 2853 Domino
1774 2797 1884 2853 Deo
1917 2804 2094 2851 teneat
2111 2797 2262 2869 prin-

344 2889 570 2960 cipatum
599 2911 625 2942 »
687 2892 1096 2965 (Conciliorum
1145 2896 1326 2951 Labhe
1367 2902 1526 2951 tomo
1586 2895 1669 2964 IV,
1720 2897 1825 2951 col.
1876 2895 2022 2951 1278
2043 2939 2056 2963 ,
2121 2895 2258 2951 edit.

340 2983 587 3055 ParisiiS,
619 2986 805 3060 1671).
840 2975 921 3046 Ibi
948 3008 1150 3065 nempe
1173 2991 1331 3062 dicit,
1358 3009 1417 3047 se
1442 2997 1634 3046 tenere
1664 2991 2044 3066 principatum
2073 2991 2130 3048 in
2146 2995 2262 3048 uni-

339 3086 529 3140 versali
558 3086 819 3158 Ecclesia,
859 3088 1003 3144 sicut
1044 3089 1352 3164 imperator
1394 3107 1525 3145 eum
1570 3089 1796 3145 tenebat
1832 3109 1932 3165 per
1977 3092 2257 3148 universas

340 3190 519 3252 {sentes
545 3190 651 3238 toto
681 3186 803 3240 orbe
814 3207 832 3250 ;
863 3191 1030 3259 prout
1049 3192 1203 3260 patet
1226 3204 1291 3242 ex
1318 3193 1603 3243 contextu.

420 3283 475 3338 2.
521 3282 582 3338 In
602 3283 805 3341 litteris
824 3286 942 3342 suis
961 3286 1028 3342 ad
1051 3286 1384 3343 Clodoveum
1413 3306 1601 3362 regem
1623 3289 1996 3346 Francorum:
2039 3311 2064 3342 «
2089 3289 2258 3346 Sedes

341 3381 487 3438 Petri
527 3384 584 3439 in
633 3392 790 3442 tanta
815 3387 1110 3444 occasione
1130 3407 1245 3443 non
1270 3394 1451 3463 potest
1482 3407 1594 3444 non
1614 3389 1822 3465 laetari,
1855 3408 1985 3445 cum
2012 3389 2258 3464 plenitu-

347 3479 533 3537 dinem
569 3484 822 3557 gentium
871 3486 1127 3544 intuetur
1159 3489 1229 3544 ad
1258 3506 1373 3544 eam
1405 3487 1582 3544 veloci
1619 3487 1797 3560 gradu
1841 3503 2176 3543 concurrere
2229 3510 2255 3540 »

353 3576 538 3648 (ibid,
566 3581 671 3639 col.
711 3582 905 3658 1282).
929 3584 1082 3641 Idem
1105 3585 1341 3656 scilicet,
1373 3591 1567 3659 gentes
1591 3584 1660 3639 ad
1686 3583 1852 3638 fidem
1881 3582 2255 3640 Christianam

351 3679 615 3761 converti,
639 3688 693 3737 et
718 3701 1030 3743 concurrere
1060 3686 1130 3742 ad
1157 3685 1348 3743 Sedem
1377 3685 1543 3742 Petri.
1567 3682 1719 3748 Quod
1749 3700 1860 3738 non
1882 3681 2089 3740 diceret
2117 3686 2256 3741 Ana-
