2320 4010
805 203 936 251 PARS
968 201 1211 249 SECUNDA.
1870 197 1958 245 555

69 314 367 373 statuentis
394 310 781 380 inerrantiam,
808 308 974 364 dicit:
1010 329 1037 360 α
1058 307 1174 363 Non
1199 312 1278 362 est
1301 305 1518 379 proprie
1539 303 1798 366 haeretica3
1829 319 1960 358 nam

73 412 255 470 adhuc
297 411 547 467 videmus
592 408 660 464 ab
700 406 938 463 Ecclesia
979 403 1243 461 tolerari:
1294 411 1466 458 tamen
1505 402 1711 457 videtur
1747 416 1961 455 ommno

76 527 295 565 erronea
325 517 374 564 et
399 509 586 563 haeresi
609 507 874 580 proxima.
902 525 928 556 »
953 504 1143 559 Postea
1173 518 1301 556 vero
1328 500 1478 555 hunc
1506 499 1692 555 locum
1729 497 1964 572 ipsemet

74 606 387 662 emendavit
428 607 531 661 hoc
570 603 768 659 modo:
813 600 965 656 «Ubi
1011 599 1250 655 dicimus
1293 618 1304 650 ε
1349 596 1681 652 sententiam
1737 595 1964 650 illorum

75 702 174 774 qui
197 701 391 757 docent
431 699 883 755 infallibilitatem
901 695 1103 769 judicii
1127 712 1238 749 non
1267 710 1388 749 esse
1414 710 1583 766 penes
1605 692 1832 765 Papam,
1867 689 1964 745 sed

78 811 246 866 penes
279 795 575 850 concilium
607 792 879 865 generale,
918 807 1027 844 non
1061 806 1182 844 esse
1205 787 1369 860 plane
1402 789 1715 852 haereticam,
1746 787 1839 842 secl
1887 804 1971 841 er-

77 909 293 946 roneam
332 900 381 947 et
426 892 613 946 haeresi
640 891 941 961 proximam
969 907 985 937 .·
1016 884 1238 940 Rectius
1280 884 1539 938 dicemus
1566 904 1577 936 :
1613 883 1721 937 Nos
1749 900 1852 936 non
1879 900 1974 936 au-

75 987 205 1042 dere
243 1005 358 1042 eam
391 987 697 1041 sententiam
730 984 886 1055 plane
923 983 1219 1036 haereticom
1254 979 1523 1050 judicare5
1566 978 1830 1048 quoniam
1876 978 1975 1047 qui

75 1081 407 1135 sententiam
436 1078 590 1132 illam
614 1082 948 1148 sequuntur,
977 1091 1156 1146 neque
1190 1073 1258 1128 ab
1288 1071 1530 1127 Ecclesia
1557 1060 1666 1145 ipsi
1697 1069 1970 1138 damnati,

78 1194 258 1249 neque
288 1177 418 1232 libri
457 1194 652 1232 eorum
677 1173 946 1249 prohibiti
983 1190 1235 1244 unquam
1274 1172 1518 1238 fuerunt3
1561 1170 1738 1226 videri
1779 1175 1968 1223 tamen

79 1275 238 1329 nohis
269 1274 342 1329 ita
367 1272 655 1328 manifeste
696 1289 1009 1340 erroneam,
1048 1271 1109 1324 ut
1140 1269 1336 1324 merito
1377 1268 1551 1340 possit
1590 1266 1845 1321 Ecclesiae
1878 1266 1972 1337 ju-

82 1371 222 1426 dicio
256 1371 509 1426 hcc-retica
540 1370 831 1440 declarari.
861 1391 887 1420 »

156 1469 393 1522 Docrntm
420 1447 662 1521 Smimsit.
686 1499 762 1506 —
785 1465 926 1519 Obiit
958 1465 1158 1519 Suarez
1201 1481 1343 1518 anno
1381 1462 1546 1518 1617.
1593 1461 1653 1515 In
1694 1479 1795 1515 suo
1829 1465 1974 1514 trae-

84 1571 204 1619 tatu
231 1566 293 1619 de
323 1564 471 1631 Fide,
501 1562 861 1636 quaestionem
888 1561 1039 1635 ponit
1067 1563 1169 1616 hoc
1195 1557 1357 1614 modo
1383 1580 1392 1611 ε
1437 1558 1704 1624 «Utrum,
1736 1557 1783 1611 si
1818 1556 1972 1611 solus

88 1683 117 1712 «
151 1661 378 1716 definiat
416 1662 622 1733 absque
655 1659 897 1732 generali
933 1658 1191 1726 concilio,
1231 1656 1485 1711 eamdem
1525 1655 1725 1710 habeat
1767 1653 1974 1708 infalli-

89 1780 116 1808 «
153 1758 424 1812 bilitatem
457 1764 509 1812 et
537 1742 822 1828 sit'regula
864 1755 1010 1826 fidei,
1052 1755 1136 1808 vel
1175 1753 1349 1826 possit
1379 1769 1587 1806 errare.
1616 1772 1641 1801 »
1672 1750 1734 1805 Et
1762 1750 1840 1804 sic
1865 1766 1979 1804 res-

87 1854 290 1927 pondet
317 1876 327 1907 :
361 1855 563 1910 Veritas
590 1854 844 1908 catholica
875 1861 969 1919 est,
1006 1851 1317 1922 Pontificem
1354 1851 1685 1919 definientem
1714 1866 1779 1902 eoe
1807 1849 1979 1902 cathe-

89 1952 188 2006 ‹lra
226 1970 335 2007 esse
371 1952 597 2023 reynlam
639 1952 782 2022 fidei,
822 1969 935 2021 qnae
976 1967 1156 2004 errare
1192 1965 1296 2002 non
1325 1954 1516 2019 potest,
1546 1947 1750 2017 qnando
1780 1945 1978 2015 aliquid

87 2049 384 2103 authentice
416 2050 659 2121 proponit
697 2049 948 2102 universae
980 2046 1250 2114 Ecclesiae,
1293 2052 1538 2115 tanquam
1571 2044 1633 2097 de
1675 2043 1778 2114 sicle
1804 2043 1981 2095 clivina

91 2146 421 2199 credendam.
456 2145 534 2200 Ita
564 2146 747 2200 docent
779 2146 874 2198 hoc
902 2153 1133 2216 tempore
1160 2160 1334 2196 omnes
1361 2139 1598 2195 catholici
1631 2141 1894 2201 doctore-3,-
1929 2146 1980 2193 et

94 2258 275 2295 censeo
316 2260 423 2295 esse
464 2261 569 2295 rem
601 2244 663 2295 cle
700 2243 803 2310 fide
829 2250 1022 2294 certam
1057 2243 1315 2310 (tractatu
1343 2239 1405 2292 (le
1431 2236 1475 2291 F
1481 2237 1583 2301 ide,
1615 2236 1882 2307 disputat.
1913 2235 1976 2301 V,

95 2342 232 2389 sect.
264 2354 366 2401 ''111,
400 2354 455 2389 n.
494 2337 572 2403 4).

173 2432 233 2485 In
270 2432 460 2486 eadem
492 2431 730 2487 sectione
760 2429 1066 2498 concludit,
1104 2429 1321 2484 extendi
1363 2431 1506 2483 hanc
1541 2428 1775 2481 Romani
1797 2426 1981 2481 Ponti-

99 2527 218 2582 ficis
269 2527 722 2583 infallibilitatem
769 2527 834 2581 ad
878 2543 1081 2595 moreS,
1126 2525 1554 2597 generalemque
1602 2522 1980 2594 disciplinam,

99 2640 309 2677 necnon
352 2624 418 2678 ad
450 2623 920 2678 canonizationem
964 2628 1286 2677 sanctorum
1321 2628 1371 2676 et
1413 2620 1802 2691 religiosorum
1837 2616 1985 2672 ordi-

99 2736 234 2773 num
267 2720 744 2792 approbationem.

172 2815 512 2871 Attendenda
546 2816 703 2871 valde
733 2817 897 2872 citata
933 2816 1175 2872 Suaresii
1216 2817 1383 2885 dicta,
1429 2821 1706 2887 quatenus
1738 2833 1989 2869 commu-

101 2924 226 2964 nem
255 2910 342 2963 sui
368 2910 464 2964 aevi
498 2910 806 2965 doctrinam
842 2917 1138 2966 testantur.
1166 2911 1281 2965 Non
1317 2910 1467 2965 enim
1498 2910 1737 2964 declarat
1767 2916 1986 2963 tantum

99 3003 238 3074 quid
275 3003 386 3076 ipse
426 3005 647 3073 sentiat,
686 3005 740 3060 id
770 3013 871 3073 est,
915 3006 1223 3061 Romanum
1266 3006 1582 3061 Pontificem
1622 3023 1686 3059 ex
1724 3003 1986 3057 cathedra

103 3099 452 3155 definientem
487 3120 597 3156 esse
625 3105 857 3174 reynlam
887 3106 1010 3175 fidei
1057 3123 1173 3176 qnae
1213 3124 1393 3159 errare
1434 3122 1535 3157 non
1579 3109 1769 3172 potest,
1823 3099 1989 3171 idque

106 3213 227 3252 esse
256 3198 531 3252 veritatem
563 3200 867 3254 catholicam
897 3207 950 3256 et
987 3220 1097 3255 rem
1126 3203 1189 3255 (Ie
1228 3202 1331 3271 fide
1369 3207 1583 3262 certam3
1622 3196 1720 3262 sed
1759 3197 1988 3269 insuper

106 3299 345 3347 testatur
389 3292 462 3348 ita
503 3312 603 3349 suo
641 3302 885 3368 tempore
922 3297 1116 3351 docere
1155 3314 1330 3350 omnes
1373 3294 1675 3350 catholicos
1711 3294 1981 3349 doctoreS.

108 3387 256 3442 lianc
282 3387 369 3442 sui
402 3388 500 3442 aevi
534 3389 821 3443 doctorum
847 3392 1139 3444 imanimcm
1172 3389 1486 3444 doctrinam
1522 3388 1630 3444 nisi
1656 3389 1818 3462 plane
1841 3406 1989 3444 com·

109 3492 320 3558 pertam
350 3487 652 3557 habuisset,
686 3487 830 3542 haud
863 3505 992 3543 sane
1017 3505 1137 3543 eam
1172 3488 1255 3542 vir
1289 3487 1533 3562 prudens
1571 3487 1804 3542 tidenter
1843 3505 1989 3543 asse·

109 3580 311 3637 ruisset
372 3581 519 3636 Unde
563 3582 751 3656 opinio
799 3582 1098 3653 contraria,
1132 3601 1254 3654 quae
1293 3581 1727 3639 Constantiensis
1764 3580 1988 3637 concilii
