2372 4108
913 254 1036 301 PARS
1070 253 1235 300 PRIMA.
1937 248 2027 296 105

135 363 328 421 mundi
380 362 634 436 regiones
686 360 813 436 puri
859 358 1050 415 latices
1098 357 1297 433 capitis
1346 355 1655 431 incorrupti
1706 356 2021 428 manarent)

133 460 267 535 quid
304 460 625 537 praecipere,
667 476 807 532 quos
844 457 1094 525 abluere,
1131 473 1270 528 quos
1300 455 1471 510 veluti
1511 472 1661 511 caeno
1690 453 2023 511 inemunda-

132 559 229 616 bili
286 559 599 616 sordidatos
649 555 874 613 mundis
931 554 1094 627 digna
1148 553 1478 627 corporibus
1532 553 1685 609 unda
1740 552 1939 610 vitaret
1995 574 2022 606 »

136 657 302 733 (apud
344 658 644 726 Constant,
679 654 930 729 Epistolae
962 651 1316 707 Romanorum
1358 651 1694 722 Pontificum,
1735 649 1840 706 col.
1893 651 2024 719 888,

135 757 267 814 edit.
323 755 567 823 ParisiiS,
612 752 801 819 1721).
850 750 970 806 llaec
1011 767 1139 822 ergo
1190 755 1274 804 est
1324 747 1502 804 sancti
1544 748 1847 804 Innocentii
1899 749 2026 805 doc-

135 853 282 910 trina
321 874 332 906 t
382 850 601 907 etiamsi
635 855 835 922 agatur
875 848 942 904 de
993 846 1289 920 disjunctis
1337 852 1389 902 et
1425 846 1653 901 remotis
1699 846 2026 919 provinciiS,

140 950 482 1007 definitivum
531 966 651 1005 esse
693 947 885 1020 nequit
922 945 1197 1019 judicium
1240 945 1666 1019 Episcoporum,
1714 942 1825 998 nisi
1874 943 2030 999 Sedis

138 1049 441 1125 Apostolicae
471 1049 784 1102 auctoritate
807 1048 1073 1117 firmatum
1100 1044 1283 1114 suerit.
1321 1042 1381 1097 Et
1414 1043 1529 1096 haec
1564 1047 1648 1097 est
1677 1044 1895 1113 antiqua
1923 1048 2028 1097 tra-

141 1149 268 1204 ditio
294 1153 347 1202 et
375 1146 726 1202 ecclesiastica
751 1142 1049 1216 disciplina.
1077 1141 1140 1197 Et
1169 1142 1270 1196 hoc
1304 1142 1516 1196 debetur
1549 1140 1675 1196 Sesti
1693 1139 2024 1212 Apostolicae.

140 1246 199 1301 Et
230 1246 303 1301 ita
343 1245 528 1300 Patres
565 1249 904 1312 statuerunt,
936 1260 1051 1297 non
1086 1242 1309 1296 humana
1336 1241 1599 1295 sententia
1630 1256 1729 1293 seu
1760 1243 2028 1310 tanquam

141 1344 473 1397 ecclesiastici
516 1340 803 1395 dumtaxat
842 1338 987 1411 juris
1027 1337 1477 1412 dispositionem,
1516 1334 1610 1390 sed
1650 1336 1917 1390 sententia
1953 1334 2031 1389 di-

141 1443 280 1507 vina,
321 1439 375 1493 id
404 1445 507 1507 est,
546 1443 822 1509 quatenus
857 1437 924 1491 ab
960 1436 1080 1509 ipso
1117 1436 1331 1490 Christo
1361 1434 1592 1488 Domino
1635 1432 2027 1487 constitutum.

146 1536 206 1591 Et
235 1553 298 1591 ex
333 1534 560 1608 judiciis
584 1534 661 1588 sic
687 1552 717 1588 a
742 1533 877 1588 Sede
912 1532 1155 1586 Romana
1187 1531 1447 1600 sirmatiS,
1481 1538 1686 1584 sumunt
1712 1538 1911 1584 caeterae
1938 1529 2031 1584 Ec-

147 1632 318 1686 clesiae
347 1631 471 1703 qnid
489 1632 794 1702 praecipere,
830 1647 966 1700 quos
994 1628 1050 1682 in
1076 1626 1462 1702 poenitentiam
1495 1632 1545 1681 et
1574 1625 2030 1680 communionem

146 1727 411 1801 recipere,
447 1744 584 1799 quos
611 1731 875 1797 tanquam
908 1725 1167 1796 indignos
1198 1742 1226 1777 a
1259 1723 1656 1777 communione
1686 1723 1916 1795 rejicere
1941 1723 2034 1778 de-

147 1824 328 1878 beant.
373 1824 429 1877 Et
468 1822 575 1893 rista
621 1821 778 1876 Sedis
827 1821 1086 1876 Romanae.
1127 1819 1429 1874 auctoritas
1477 1825 1559 1874 est
1594 1820 1794 1897 natalis
1833 1821 1951 1890 sons
1982 1825 2031 1873 et

142 1940 328 1996 purum
368 1929 521 1996 caput
557 1926 886 1975 cunctarum
929 1918 1325 1974 doctrinalinm
1362 1935 1659 1990 aquarum,
1699 1935 1821 1989 quae
1857 1919 2032 1971 incor-

146 2025 315 2090 rupta’
367 2026 580 2072 manant
624 2035 717 2090 per
759 2018 991 2071 diversas
1034 2018 1192 2071 totins
1235 2016 1413 2069 nmmli
1449 2016 1706 2085 reinneS.
1751 2014 1890 2067 Sane
1936 2011 2031 2083 qui

148 2114 213 2168 de
257 2115 392 2170 Sede
435 2115 679 2170 Romana
706 2114 779 2168 ita
821 2114 1000 2181 docet,
1040 2113 1086 2169 ei
1138 2111 1546 2187 jurisdictionis
1589 2111 1894 2186 primatum
1938 2109 2031 2164 ad-

148 2213 357 2268 scribit..

224 2310 277 2366 2.
316 2310 462 2364 Idem
493 2315 718 2366 sanctus
739 2309 1132 2365 Innocentinsl
1159 2310 1268 2364 lure
1295 2309 1581 2383 rescripsit
1600 2308 1921 2363 Milevitanse
1948 2326 2034 2381 sy-

151 2405 278 2460 nodi
324 2405 577 2460 Patribus
613 2427 622 2457 :
669 2428 696 2458 «
718 2408 865 2462 Inter
902 2413 1129 2462 caeteras
1177 2406 1437 2462 Romanae
1482 2406 1733 2462 Ecclesiae
1771 2424 1934 2461 curas
1982 2412 2031 2460 et

153 2501 469 2575 Apostolicae
507 2502 661 2557 Sedis
693 2504 1098 2576 occupationes,
1144 2504 1349 2575 quibus
1393 2503 1742 2558 diversorum
1780 2503 2032 2557 consulta

156 2599 295 2654 tideli
338 2617 398 2653 ae
449 2599 659 2654 medica
708 2600 1105 2674 disceptatione
1158 2607 1487 2670 tractamus,
1532 2607 1688 2656 ete...
1734 2600 2034 2672 Diligenter

153 2715 280 2770 crgo
308 2704 358 2753 et
393 2715 633 2769 congrue
652 2699 943 2772 Apostolici
975 2699 1267 2754 consulitis
1297 2699 1523 2754 honoris
1551 2717 1750 2754 arcana
1783 2699 2036 2770 (honoris

152 2793 376 2865 inquam
418 2793 590 2861 illius,
621 2813 787 2867 quem
816 2803 1015 2869 praeter
1048 2796 1141 2850 illa
1173 2814 1295 2868 quae
1329 2802 1459 2851 sunt
1487 2796 1855 2863 extrinseCUS,
1887 2795 2037 2849 solli-

150 2890 336 2947 citudo
376 2898 561 2948 manet
590 2892 843 2948 omnium
877 2893 1268 2965 Ecclesiarum)
1305 2912 1473 2968 super
1504 2895 1686 2949 anxiis
1714 2895 1884 2949 rebus
1914 2912 2037 2966 qua*

152 2987 221 3042 sit
264 2989 498 3045 tenenda
542 2992 818 3047 sententia
858 3014 867 3045 :
916 2993 1158 3065 antiquae
1201 2993 1412 3048 scilicet
1452 2993 1657 3066 regulte
1689 2993 1926 3048 formam
1955 3011 2038 3048 se-

155 3084 286 3153 cuti,
315 3102 480 3155 quam
500 3093 612 3143 toto
642 3106 857 3163 semper
884 3090 950 3145 ab
983 3091 1119 3146 orbe
1147 3109 1364 3146 meeum
1393 3092 1569 3146 nostis
1597 3109 1717 3146 esse
1737 3097 2032 3146 servatam.

155 3181 354 3236 Verum
386 3184 499 3238 haec
538 3186 706 3241 missa
734 3188 873 3244 facio
906 3210 916 3241 :
957 3207 1139 3261 neque
1177 3190 1324 3244 enim
1354 3191 1455 3244 lioc
1493 3195 1731 3243 vestram
1764 3187 1927 3239 eredo
1955 3186 2031 3237 la-

156 3283 269 3333 tere
294 3278 666 3352 prudentiam.
695 3283 832 3346 Quid
859 3285 912 3339 id
941 3287 1087 3341 enim
1112 3287 1328 3342 actione
1349 3284 1634 3350 firmastiS,
1659 3282 1768 3336 nisi
1795 3281 2028 3335 scientes

154 3374 297 3447 qnod
344 3393 440 3447 per
487 3394 678 3432 omnes
717 3379 1025 3450 provincias
1065 3382 1132 3436 de
1165 3380 1477 3454 Apostolico
1521 3379 1670 3432 fonte
1711 3377 2028 3450 petentibus

152 3488 412 3545 responsa
438 3489 658 3546 semper
677 3480 965 3532 emanent?
990 3478 1297 3531 P1¹a¹se1²ti1n
1325 3475 1542 3548 quoties
1576 3472 1702 3526 tidei
1736 3473 1875 3527 ratio
1903 3491 2027 3528 ven-

154 3566 366 3635 tilatur,
396 3569 635 3624 arbitror
662 3588 853 3627 omnes
880 3573 1077 3627 fratres
1102 3577 1155 3625 ct.
1181 3571 1533 3643 coepiscopos
1555 3576 1776 3624 nostros
1802 3571 2023 3626 nonnisi

157 3663 222 3718 ad
253 3663 495 3734 Petrum,
528 3665 579 3720 id
610 3673 715 3735 est,
749 3667 832 3722 sui
872 3666 1116 3723 nominis
1148 3672 1200 3721 et
1227 3666 1452 3721 honoris
1479 3671 1784 3736 auctorem,
1821 3666 2027 3722 referre
