2320 4010
841 196 970 244 PARS
999 194 1238 243 SECUNDA.
1890 196 1978 243 477

101 299 213 356 lere
257 298 429 374 possit
474 305 528 354 et
568 298 687 354 salli
713 319 739 349 »
771 302 1028 369 (tractatu
1061 297 1125 352 cle
1154 294 1557 352 Examinatione
1601 296 1976 367 doctrinarum,

102 396 540 454 consideratione
564 415 601 467 ι,
627 395 868 470 Operum
893 401 1041 451 tomo
1067 393 1111 464 1,
1140 411 1265 468 pag.
1296 393 1352 462 8,
1383 392 1641 450 editionis
1679 393 1846 451 Ellies
1873 393 1978 450 Du-

104 495 222 570 pin,
249 494 586 568 Antuerpiae‚
617 492 812 556 1706).

184 614 211 644 «
255 592 604 648 Examinator
637 590 914 664 juridicus
958 590 1337 647 doctrinarum
1392 589 1556 646 fidem
1609 590 1978 663 tangentium3

104 689 246 762 Papa
284 704 579 760 supremus
614 692 696 741 est
738 685 794 741 in
837 685 1024 754 terris,
1074 692 1197 759 post
1238 686 1492 759 generale
1522 685 1843 756 concilium,
1898 688 1981 744 vel

103 803 229 841 cum
256 785 441 859 ipso„.
467 783 676 839 Diceret
697 783 922 856 aliquiS‚
949 799 1060 838 non
1085 788 1302 855 oportet
1327 782 1401 837 ita
1420 781 1560 851 fieri,
1585 800 1714 837 cum
1739 784 1882 857 Papa
1909 784 1982 840 sit

17 864 26 870 ³
100 881 412 947 deviabilis;
441 898 550 936 non
578 879 727 936 enim
753 886 838 935 est
869 878 1046 950 magis
1073 878 1433 932 confirmatus
1458 895 1625 949 quam
1642 878 1837 934 Petrus
1864 887 1981 936 erat

99 976 234 1030 dum
266 977 633 1048 reprehensus
658 980 742 1029 est
782 991 812 1028 a
850 972 1038 1038 Paulo,
1074 989 1136 1026 eo
1171 971 1319 1043 quod
1345 988 1455 1025 non
1487 977 1635 1027 reete
1665 973 1981 1030 ambularet

98 1070 166 1124 ad
202 1069 484 1123 veritatem
514 1067 808 1139 Evangelii.
843 1065 1141 1121 Confirmat
1164 1067 1278 1121 haec
1309 1065 1541 1138 objectio
1582 1066 1980 1123 consideratio-

106 1182 230 1220 nem
262 1165 677 1237 praeeedentem‚
707 1165 802 1219 sed
821 1164 946 1238 plus
977 1164 1142 1219 infert
1167 1182 1335 1236 quam
1359 1170 1593 1236 oportet.
1619 1164 1804 1236 Neque
1831 1164 1980 1220 enim

106 1267 282 1333 potest
316 1260 537 1314 assidue
573 1260 874 1314 concilium
906 1260 1159 1331 generale
1198 1260 1388 1314 haberi
1432 1260 1855 1332 praesentialiter
1882 1279 1980 1334 pro

104 1355 377 1410 decisione
403 1356 724 1425 dubiorum,
752 1374 851 1411 nec
877 1356 1156 1429 expediret
1178 1356 1385 1429 passim
1410 1357 1483 1411 ita
1514 1356 1653 1410 fieri.
1679 1356 1984 1430 Supremus

107 1458 292 1506 autem
320 1451 374 1505 in
402 1451 640 1507 Ecclesia
674 1452 906 1507 faciliter
934 1452 1136 1507 aditur.
1168 1452 1269 1514 Qui
1295 1452 1341 1507 si
1370 1452 1540 1507 nollet
1566 1454 1792 1508 omnino
1817 1455 1986 1527 perti-

107 1545 316 1601 naciter
345 1564 405 1602 ea
433 1565 555 1618 quae
586 1553 713 1602 sunt
753 1547 877 1603 fidei
913 1548 1219 1618 declarare,
1263 1548 1345 1604 vel
1382 1556 1591 1604 erraret
1629 1550 1982 1621 declarandO,

110 1650 358 1716 superest
386 1645 659 1716 judicium
705 1646 994 1700 concilii...
1029 1646 1460 1702 Concluditur...
1497 1647 1701 1721 duplex
1734 1649 1938 1705 veritas
1969 1671 1979 1704 :

107 1739 302 1811 prima,
335 1742 482 1814 quod
518 1742 903 1796 determinatio
934 1742 1107 1796 solius
1134 1743 1286 1815 Papae
1318 1743 1375 1797 in
1406 1744 1493 1798 his
1524 1763 1646 1816 quae
1675 1753 1804 1800 sunt
1832 1746 1981 1816 fidei,

105 1854 214 1890 non
242 1836 464 1908 obligat,
495 1845 554 1892 ut
580 1839 803 1911 praeeise
827 1846 907 1893 est
935 1839 1081 1908 talis,
1113 1839 1179 1892 ad
1206 1840 1572 1907 credendum3
1605 1843 1852 1913 alioquin
1876 1851 1984 1899 sta-

103 1939 185 1987 ret
223 1933 278 1986 in
319 1950 473 2001 casn,
508 1936 654 2006 quod
691 1935 816 2007 quis
850 1935 1192 2006 obligaretur
1219 1936 1285 1989 ad
1321 1937 1772 2007 contradictoria,
1807 1941 1890 1994 vel
1917 1941 1983 1995 ad

104 2030 305 2085 falsum
323 2037 510 2086 contra
539 2031 724 2087 fidem.
748 2033 996 2088 Secunda
1016 2033 1216 2088 veritas
1240 2039 1344 2102 est,
1365 2035 1511 2106 quod
1529 2038 1802 2092 sententia
1828 2038 1984 2113 Papae

104 2125 237 2198 ligat
268 2145 459 2182 omnes
486 2128 672 2183 fideles
699 2130 765 2184 ad
800 2148 910 2184 non
952 2130 1435 2201 dogmatizandum
1473 2134 1840 2202 contrarium,
1876 2137 1982 2192 nisi

107 2239 204 2294 per
243 2223 365 2277 illos
400 2230 493 2278 aut
529 2226 675 2297 apud
709 2225 834 2279 illos
862 2226 957 2296 qui
994 2226 1354 2281 manifestum
1381 2233 1571 2283 contra
1601 2229 1761 2283 fidem
1792 2232 1985 2305 depre-

112 2317 358 2371 hendunt
386 2336 652 2387 errorem,
681 2327 734 2374 et
748 2322 1070 2375 scandalum
1089 2322 1295 2392 grande
1312 2322 1437 2376 fidei
1469 2341 1568 2377 suo
1595 2325 1815 2380 silentio
1842 2327 1983 2398 fieri,

113 2412 159 2466 si
201 2431 309 2467 non
344 2421 679 2487 opponerent
711 2432 790 2484 se,
830 2424 1186 2487 cognoscunt.
1221 2417 1372 2480 Quod
1404 2419 1448 2472 si
1490 2419 1642 2475 fieret
1675 2425 1985 2493 persecutio

114 2509 512 2564 sententiarum
552 2517 604 2566 et
639 2529 928 2584 poenarum
964 2519 1151 2568 contra
1182 2531 1296 2583 eOS,
1340 2515 1515 2570 sciant
1549 2518 1723 2572 beatos
1766 2538 1877 2574 esse
1905 2525 1988 2592 qui

110 2609 514 2678 persecutionem
532 2599 804 2678 patiuntur
823 2612 1311 2681 propter‘justitae'am
1346 2612 1552 2682 (Matth.
1573 2613 1752 2684 5-10).
1787 2615 1986 2689 Super-

112 2706 192 2755 est
225 2720 442 2774 quoque
469 2703 778 2757 remedium
803 2704 1020 2758 concilii
1050 2706 1390 2777 generalis...
1447 2709 1534 2762 cui
1565 2709 1668 2781 legi
1709 2712 1857 2766 haud
1886 2713 1985 2767 du-

111 2796 199 2852 bie
225 2799 412 2853 subest
436 2799 596 2872 Papa,
634 2800 754 2855 licet
785 2802 1028 2856 hactenus
1059 2804 1248 2858 multis
1288 2806 1399 2858 haec
1430 2806 1631 2861 veritas
1658 2827 1765 2862 non
1803 2810 1983 2882 placo-

114 2899 218 2961 ret‚
248 2902 469 2966 propter
498 2896 874 2952 inordinatum
905 2899 1142 2954 favorem
1175 2901 1241 2955 ad
1273 2901 1566 2957 Summum
1595 2904 1980 2961 Pontifico1·n..·.

117 2986 270 3040 Nunc
305 2996 487 3043 autem
519 2994 766 3065 opposita
800 2995 1010 3051 salsitas
1046 3005 1127 3052 est
1172 2998 1393 3052 haeresis
1438 3018 1693 3072 expresse
1727 3001 1983 3054 damnata

123 3099 216 3152 per
247 3083 542 3139 concilium
563 3086 973 3147 Constantiense
994 3114 1020 3143 »
1062 3093 1317 3164 (ibidem,
1346 3095 1782 3148 consideratione
1808 3114 1858 3165 11,
1893 3114 1984 3167 pa-

121 3177 246 3247 gina
271 3179 343 3243 9).

196 3275 446 3331 Advertat
479 3277 650 3332 lector
677 3297 844 3349 quam
875 3289 1063 3352 aperte
1097 3282 1416 3336 seditiosum
1450 3291 1499 3337 et
1534 3285 1888 3341 anareliicum
1918 3288 1986 3343 sit

124 3371 432 3425 istiusmodi
470 3380 727 3446 systema.
757 3374 891 3428 Cum
917 3375 1067 3428 enim
1095 3377 1325 3430 concilia
1363 3380 1702 3435 (reuineuica
1731 3387 1842 3436 tam
1862 3401 1986 3438 raro

124 3468 305 3523 hahita
347 3469 452 3522 sint
484 3477 533 3524 ct
579 3470 907 3538 habeantur,
933 3471 979 3525 si
1015 3471 1130 3543 ipsa
1163 3472 1269 3527 sint
1313 3473 1423 3527 sola
1455 3474 1764 3533 infallibilis
1800 3487 1986 3536 aucto-

124 3563 281 3634 ritas,
311 3566 564 3636 sequitur
590 3573 740 3621 extra
781 3585 983 3639 paucos
1007 3566 1122 3622 dies
1153 3568 1355 3639 quibus
1380 3569 1465 3623 hic
1493 3576 1540 3625 et
1568 3590 1714 3628 nunc
1745 3576 1986 3633 celebra-
