<?xml version="1.0" encoding="UTF-8"?>
<!DOCTYPE html PUBLIC "-//W3C//DTD XHTML 1.0 Transitional//EN"
    "http://www.w3.org/TR/xhtml1/DTD/xhtml1-transitional.dtd">
<html xmlns="http://www.w3.org/1999/xhtml" xml:lang="en" lang="en">
 <head>
  <title>
</title>
<meta http-equiv="Content-Type" content="text/html;charset=utf-8" />
  <meta name='ocr-system' content='tesseract 3.04.00' />
  <meta name='ocr-capabilities' content='ocr_page ocr_carea ocr_par ocr_line ocrx_word'/>
</head>
<body>
  <div class='ocr_page' id='page_1' title='image "a548470101bouiuoft_0370.png"; bbox 0 0 2320 4010; ppageno 0'>
   <div class='ocr_carea' id='block_1_1' title="bbox 266 142 1500 201">
    <p class='ocr_par' dir='ltr' id='par_1_1' title="bbox 266 142 1500 201">
     <span class='ocr_line' id='line_1_1' title="bbox 266 142 1500 201; baseline -0.007 0"><span class='ocrx_word' id='word_1_1' title='bbox 266 154 352 201; x_wconf 81' lang='lat'>560</span> <span class='ocrx_word' id='word_1_2' title='bbox 929 142 1228 191; x_wconf 77' lang='lat' dir='ltr'><strong>TRACTATUS</strong></span> <span class='ocrx_word' id='word_1_3' title='bbox 1257 142 1326 190; x_wconf 87' lang='lat' dir='ltr'>DE</span> <span class='ocrx_word' id='word_1_4' title='bbox 1355 144 1500 192; x_wconf 85' lang='lat' dir='ltr'>PAPA.</span> 
     </span>
    </p>
   </div>
   <div class='ocr_carea' id='block_1_2' title="bbox 241 251 2238 3703">
    <p class='ocr_par' dir='ltr' id='par_1_2' title="bbox 261 251 2174 822">
     <span class='ocr_line' id='line_1_2' title="bbox 340 251 2171 333; baseline 0 -16"><span class='ocrx_word' id='word_1_5' title='bbox 340 257 694 333; x_wconf 76' lang='lat' dir='ltr'>Respondeat</span> <span class='ocrx_word' id='word_1_6' title='bbox 734 254 856 311; x_wconf 93' lang='lat' dir='ltr'>Non</span> <span class='ocrx_word' id='word_1_7' title='bbox 896 251 1186 310; x_wconf 89' lang='lat' dir='ltr'>consensit</span> <span class='ocrx_word' id='word_1_8' title='bbox 1227 252 1422 327; x_wconf 81' lang='lat' dir='ltr'>synodi</span> <span class='ocrx_word' id='word_1_9' title='bbox 1463 253 1846 330; x_wconf 83' lang='lat' dir='ltr'>celebrationi,</span> <span class='ocrx_word' id='word_1_10' title='bbox 1881 263 1945 315; x_wconf 86' lang='lat' dir='ltr'>ut</span> <span class='ocrx_word' id='word_1_11' title='bbox 1987 258 2171 317; x_wconf 89' lang='lat' dir='ltr'>decre-</span> 
     </span>
     <span class='ocr_line' id='line_1_3' title="bbox 263 335 2174 428; baseline 0.001 -13"><span class='ocrx_word' id='word_1_12' title='bbox 263 364 387 415; x_wconf 86' lang='lat' dir='ltr'>tum</span> <span class='ocrx_word' id='word_1_13' title='bbox 420 373 586 412; x_wconf 91' lang='lat' dir='ltr'>suum</span> <span class='ocrx_word' id='word_1_14' title='bbox 618 372 650 410; x_wconf 92' lang='lat' dir='ltr'>a</span> <span class='ocrx_word' id='word_1_15' title='bbox 677 352 886 428; x_wconf 82' lang='lat' dir='ltr'>synodo</span> <span class='ocrx_word' id='word_1_16' title='bbox 921 357 1190 426; x_wconf 81' lang='lat' dir='ltr'>tanquam</span> <span class='ocrx_word' id='word_1_17' title='bbox 1217 349 1500 409; x_wconf 91' lang='lat' dir='ltr'>incertum</span> <span class='ocrx_word' id='word_1_18' title='bbox 1535 356 1633 408; x_wconf 91' lang='lat' dir='ltr'>aut</span> <span class='ocrx_word' id='word_1_19' title='bbox 1668 352 1904 411; x_wconf 92' lang='lat' dir='ltr'>dubium</span> <span class='ocrx_word' id='word_1_20' title='bbox 1933 335 2174 416; x_wconf 87' lang='lat' dir='ltr'>discute-</span> 
     </span>
     <span class='ocr_line' id='line_1_4' title="bbox 262 447 2171 528; baseline 0.001 -16"><span class='ocrx_word' id='word_1_21' title='bbox 262 461 462 514; x_wconf 86' lang='lat' dir='ltr'>retur:</span> <span class='ocrx_word' id='word_1_22' title='bbox 505 452 562 510; x_wconf 88' lang='lat' dir='ltr'>id</span> <span class='ocrx_word' id='word_1_23' title='bbox 612 451 781 510; x_wconf 88' lang='lat' dir='ltr'>citata</span> <span class='ocrx_word' id='word_1_24' title='bbox 823 449 1005 528; x_wconf 86' lang='lat' dir='ltr'>ipsius</span> <span class='ocrx_word' id='word_1_25' title='bbox 1059 451 1229 507; x_wconf 87' lang='lat' dir='ltr'>verba</span> <span class='ocrx_word' id='word_1_26' title='bbox 1266 447 1530 526; x_wconf 81' lang='lat' dir='ltr'>probant3</span> <span class='ocrx_word' id='word_1_27' title='bbox 1582 452 1678 509; x_wconf 92' lang='lat' dir='ltr'>sed</span> <span class='ocrx_word' id='word_1_28' title='bbox 1721 457 1785 509; x_wconf 94' lang='lat' dir='ltr'>ut</span> <span class='ocrx_word' id='word_1_29' title='bbox 1832 453 1951 526; x_wconf 86' lang='lat' dir='ltr'>jam</span> <span class='ocrx_word' id='word_1_30' title='bbox 1991 457 2171 528; x_wconf 88' lang='lat' dir='ltr'>quoad</span> 
     </span>
     <span class='ocr_line' id='line_1_5' title="bbox 261 550 2174 627; baseline 0.002 -16"><span class='ocrx_word' id='word_1_31' title='bbox 261 571 457 611; x_wconf 90' lang='lat' dir='ltr'>omnes</span> <span class='ocrx_word' id='word_1_32' title='bbox 496 552 919 627; x_wconf 85' lang='lat' dir='ltr'>obligatorium,</span> <span class='ocrx_word' id='word_1_33' title='bbox 972 570 1002 607; x_wconf 92' lang='lat' dir='ltr'>a</span> <span class='ocrx_word' id='word_1_34' title='bbox 1045 550 1256 627; x_wconf 80' lang='lat' dir='ltr'>synodo</span> <span class='ocrx_word' id='word_1_35' title='bbox 1302 551 1527 627; x_wconf 90' lang='lat' dir='ltr'>publice</span> <span class='ocrx_word' id='word_1_36' title='bbox 1583 571 1646 609; x_wconf 89' lang='lat' dir='ltr'>ac</span> <span class='ocrx_word' id='word_1_37' title='bbox 1686 552 2013 611; x_wconf 90' lang='lat' dir='ltr'>solemniter</span> <span class='ocrx_word' id='word_1_38' title='bbox 2063 557 2174 616; x_wconf 89' lang='lat' dir='ltr'>tale</span> 
     </span>
     <span class='ocr_line' id='line_1_6' title="bbox 262 640 2171 729; baseline 0.003 -22"><span class='ocrx_word' id='word_1_39' title='bbox 262 651 648 708; x_wconf 78' lang='lat' dir='ltr'>declararetur</span> <span class='ocrx_word' id='word_1_40' title='bbox 683 657 737 708; x_wconf 93' lang='lat' dir='ltr'>et</span> <span class='ocrx_word' id='word_1_41' title='bbox 770 656 965 708; x_wconf 90' lang='lat' dir='ltr'>contra</span> <span class='ocrx_word' id='word_1_42' title='bbox 990 649 1336 724; x_wconf 75' lang='lat' dir='ltr'>refragantes</span> <span class='ocrx_word' id='word_1_43' title='bbox 1382 651 1721 727; x_wconf 82' lang='lat' dir='ltr'>synodaliter</span> <span class='ocrx_word' id='word_1_44' title='bbox 1754 640 2171 729; x_wconf 85' lang='lat' dir='ltr'>procederetur.</span> 
     </span>
     <span class='ocr_line' id='line_1_7' title="bbox 261 749 1663 822; baseline -0.002 -14"><span class='ocrx_word' id='word_1_45' title='bbox 261 749 571 820; x_wconf 90' lang='lat' dir='ltr'>Consensit,</span> <span class='ocrx_word' id='word_1_46' title='bbox 620 754 684 807; x_wconf 90' lang='lat' dir='ltr'>ut</span> <span class='ocrx_word' id='word_1_47' title='bbox 718 752 887 806; x_wconf 86' lang='lat' dir='ltr'>omnis</span> <span class='ocrx_word' id='word_1_48' title='bbox 926 749 1182 805; x_wconf 77' lang='lat' dir='ltr'>dissensio</span> <span class='ocrx_word' id='word_1_49' title='bbox 1214 749 1663 822; x_wconf 79' lang='lat' dir='ltr'>comprimeretur.</span> 
     </span>
    </p>

    <p class='ocr_par' dir='ltr' id='par_1_3' title="bbox 256 845 2178 1309">
     <span class='ocr_line' id='line_1_8' title="bbox 338 845 2176 923; baseline 0.002 -17"><span class='ocrx_word' id='word_1_50' title='bbox 338 849 590 906; x_wconf 75' lang='lat' dir='ltr'>InstabiS.</span> <span class='ocrx_word' id='word_1_51' title='bbox 626 880 695 888; x_wconf 94' lang='lat'><strong>—</strong></span> <span class='ocrx_word' id='word_1_52' title='bbox 721 847 864 906; x_wconf 82' lang='lat' dir='ltr'>Dicit</span> <span class='ocrx_word' id='word_1_53' title='bbox 910 847 1032 923; x_wconf 88' lang='lat' dir='ltr'>ipse</span> <span class='ocrx_word' id='word_1_54' title='bbox 1073 845 1173 903; x_wconf 91' lang='lat' dir='ltr'>Leo</span> <span class='ocrx_word' id='word_1_55' title='bbox 1221 845 1496 903; x_wconf 89' lang='lat' dir='ltr'>indictum</span> <span class='ocrx_word' id='word_1_56' title='bbox 1542 846 1714 905; x_wconf 89' lang='lat' dir='ltr'>fuisse</span> <span class='ocrx_word' id='word_1_57' title='bbox 1765 848 2092 921; x_wconf 90' lang='lat' dir='ltr'>concilium,</span> <span class='ocrx_word' id='word_1_58' title='bbox 2120 860 2176 909; x_wconf 86' lang='lat' dir='ltr'>ut</span> 
     </span>
     <span class='ocr_line' id='line_1_9' title="bbox 256 949 2176 1026; baseline 0.002 -20"><span class='ocrx_word' id='word_1_59' title='bbox 256 951 497 1025; x_wconf 76' lang='lat' dir='ltr'>pleniore</span> <span class='ocrx_word' id='word_1_60' title='bbox 535 950 734 1022; x_wconf 82' lang='lat' dir='ltr'>judicio</span> <span class='ocrx_word' id='word_1_61' title='bbox 783 951 949 1006; x_wconf 71' lang='lat' dir='ltr'>emitis</span> <span class='ocrx_word' id='word_1_62' title='bbox 1002 951 1175 1021; x_wconf 79' lang='lat' dir='ltr'>possit</span> <span class='ocrx_word' id='word_1_63' title='bbox 1221 966 1374 1004; x_wconf 87' lang='lat' dir='ltr'>error</span> <span class='ocrx_word' id='word_1_64' title='bbox 1422 949 1621 1005; x_wconf 81' lang='lat' dir='ltr'>aboleri</span> <span class='ocrx_word' id='word_1_65' title='bbox 1665 971 1680 1003; x_wconf 87' lang='grc'>.-</span> <span class='ocrx_word' id='word_1_66' title='bbox 1736 967 1866 1024; x_wconf 84' lang='lat' dir='ltr'>ergo</span> <span class='ocrx_word' id='word_1_67' title='bbox 1913 952 2176 1026; x_wconf 90' lang='lat' dir='ltr'>supponit</span> 
     </span>
     <span class='ocr_line' id='line_1_10' title="bbox 262 1048 2174 1126; baseline 0.001 -18"><span class='ocrx_word' id='word_1_68' title='bbox 262 1069 362 1126; x_wconf 89' lang='lat' dir='ltr'>per</span> <span class='ocrx_word' id='word_1_69' title='bbox 411 1053 595 1108; x_wconf 88' lang='lat' dir='ltr'>solum</span> <span class='ocrx_word' id='word_1_70' title='bbox 645 1049 879 1106; x_wconf 89' lang='lat' dir='ltr'>Romani</span> <span class='ocrx_word' id='word_1_71' title='bbox 917 1048 1199 1107; x_wconf 86' lang='lat' dir='ltr'>Pontificis</span> <span class='ocrx_word' id='word_1_72' title='bbox 1250 1048 1531 1123; x_wconf 86' lang='lat' dir='ltr'>judicium</span> <span class='ocrx_word' id='word_1_73' title='bbox 1578 1067 1691 1106; x_wconf 91' lang='lat' dir='ltr'>non</span> <span class='ocrx_word' id='word_1_74' title='bbox 1733 1069 1898 1126; x_wconf 90' lang='lat' dir='ltr'>posse</span> <span class='ocrx_word' id='word_1_75' title='bbox 1952 1070 2174 1109; x_wconf 90' lang='lat' dir='ltr'>omnem</span> 
     </span>
     <span class='ocr_line' id='line_1_11' title="bbox 261 1148 2178 1229; baseline 0.001 -21"><span class='ocrx_word' id='word_1_76' title='bbox 261 1169 512 1208; x_wconf 85' lang='lat' dir='ltr'>errorem</span> <span class='ocrx_word' id='word_1_77' title='bbox 563 1150 799 1219; x_wconf 88' lang='lat' dir='ltr'>aboleri,</span> <span class='ocrx_word' id='word_1_78' title='bbox 848 1168 947 1206; x_wconf 90' lang='lat' dir='ltr'>seu</span> <span class='ocrx_word' id='word_1_79' title='bbox 986 1149 1153 1207; x_wconf 88' lang='lat' dir='ltr'>fidem</span> <span class='ocrx_word' id='word_1_80' title='bbox 1196 1148 1568 1207; x_wconf 84' lang='lat' dir='ltr'>infallibiliter</span> <span class='ocrx_word' id='word_1_81' title='bbox 1613 1149 1853 1218; x_wconf 81' lang='lat' dir='ltr'>definiri3</span> <span class='ocrx_word' id='word_1_82' title='bbox 1907 1152 2006 1208; x_wconf 87' lang='lat' dir='ltr'>sed</span> <span class='ocrx_word' id='word_1_83' title='bbox 2039 1172 2178 1229; x_wconf 89' lang='lat' dir='ltr'>opus</span> 
     </span>
     <span class='ocr_line' id='line_1_12' title="bbox 261 1232 1775 1309; baseline -0.003 -3"><span class='ocrx_word' id='word_1_84' title='bbox 261 1269 382 1309; x_wconf 89' lang='lat' dir='ltr'>esse</span> <span class='ocrx_word' id='word_1_85' title='bbox 414 1250 655 1307; x_wconf 90' lang='lat' dir='ltr'>concilio</span> <span class='ocrx_word' id='word_1_86' title='bbox 696 1249 1066 1306; x_wconf 89' lang='lat' dir='ltr'>oecumenico.</span> <span class='ocrx_word' id='word_1_87' title='bbox 1212 1232 1217 1235; x_wconf 32' lang='grc'><strong>’</strong></span> <span class='ocrx_word' id='word_1_88' title='bbox 1771 1264 1775 1267; x_wconf 82' lang='grc'><strong>’</strong></span> 
     </span>
    </p>

    <p class='ocr_par' dir='ltr' id='par_1_4' title="bbox 256 1347 2238 2910">
     <span class='ocr_line' id='line_1_13' title="bbox 336 1347 2176 1425; baseline 0.004 -19"><span class='ocrx_word' id='word_1_89' title='bbox 336 1351 651 1424; x_wconf 80' lang='lat' dir='ltr'>Respomleo</span> <span class='ocrx_word' id='word_1_90' title='bbox 677 1371 692 1402; x_wconf 89' lang='lat'>.-</span> <span class='ocrx_word' id='word_1_91' title='bbox 727 1349 846 1405; x_wconf 93' lang='lat' dir='ltr'>Non</span> <span class='ocrx_word' id='word_1_92' title='bbox 873 1347 1016 1404; x_wconf 86' lang='lat' dir='ltr'>dixit</span> <span class='ocrx_word' id='word_1_93' title='bbox 1041 1347 1093 1404; x_wconf 90' lang='lat' dir='ltr'>S.</span> <span class='ocrx_word' id='word_1_94' title='bbox 1141 1348 1266 1417; x_wconf 90' lang='lat' dir='ltr'>Le0,</span> <span class='ocrx_word' id='word_1_95' title='bbox 1297 1347 1470 1404; x_wconf 88' lang='lat' dir='ltr'>indici</span> <span class='ocrx_word' id='word_1_96' title='bbox 1510 1348 1813 1405; x_wconf 89' lang='lat' dir='ltr'>concilium</span> <span class='ocrx_word' id='word_1_97' title='bbox 1848 1357 1910 1407; x_wconf 88' lang='lat' dir='ltr'>ut</span> <span class='ocrx_word' id='word_1_98' title='bbox 1941 1356 2176 1425; x_wconf 86' lang='lat' dir='ltr'>quaestio</span> 
     </span>
     <span class='ocr_line' id='line_1_14' title="bbox 259 1447 2175 1526; baseline 0.003 -20"><span class='ocrx_word' id='word_1_99' title='bbox 259 1449 327 1506; x_wconf 88' lang='lat' dir='ltr'>de</span> <span class='ocrx_word' id='word_1_100' title='bbox 367 1448 475 1505; x_wconf 86' lang='lat' dir='ltr'>fide</span> <span class='ocrx_word' id='word_1_101' title='bbox 521 1450 692 1522; x_wconf 82' lang='lat' dir='ltr'>possit</span> <span class='ocrx_word' id='word_1_102' title='bbox 734 1449 998 1521; x_wconf 74' lang='lat' dir='ltr'>definitive</span> <span class='ocrx_word' id='word_1_103' title='bbox 1043 1465 1102 1502; x_wconf 89' lang='lat' dir='ltr'>ac</span> <span class='ocrx_word' id='word_1_104' title='bbox 1142 1447 1491 1520; x_wconf 77' lang='lat' dir='ltr'>infallibiliter</span> <span class='ocrx_word' id='word_1_105' title='bbox 1532 1448 1731 1519; x_wconf 79' lang='lat' dir='ltr'>dirimi,</span> <span class='ocrx_word' id='word_1_106' title='bbox 1779 1448 1877 1504; x_wconf 88' lang='lat' dir='ltr'>sed</span> <span class='ocrx_word' id='word_1_107' title='bbox 1911 1459 1967 1507; x_wconf 84' lang='lat' dir='ltr'>ut</span> <span class='ocrx_word' id='word_1_108' title='bbox 2005 1452 2175 1526; x_wconf 76' lang='lat' dir='ltr'>pessit</span> 
     </span>
     <span class='ocr_line' id='line_1_15' title="bbox 260 1544 2170 1618; baseline 0.002 -16"><span class='ocrx_word' id='word_1_109' title='bbox 260 1548 426 1602; x_wconf 82' lang='lat' dir='ltr'>omnis</span> <span class='ocrx_word' id='word_1_110' title='bbox 457 1563 608 1601; x_wconf 88' lang='lat' dir='ltr'>error</span> <span class='ocrx_word' id='word_1_111' title='bbox 638 1546 861 1610; x_wconf 84' lang='lat' dir='ltr'>aboleri‚·</span> <span class='ocrx_word' id='word_1_112' title='bbox 894 1544 1043 1618; x_wconf 84' lang='lat' dir='ltr'>quod</span> <span class='ocrx_word' id='word_1_113' title='bbox 1066 1544 1242 1600; x_wconf 64' lang='lat' dir='ltr'>&#39;valde</span> <span class='ocrx_word' id='word_1_114' title='bbox 1269 1544 1557 1602; x_wconf 86' lang='lat' dir='ltr'>diversum</span> <span class='ocrx_word' id='word_1_115' title='bbox 1588 1552 1690 1603; x_wconf 90' lang='lat' dir='ltr'>est.</span> <span class='ocrx_word' id='word_1_116' title='bbox 1722 1545 1983 1610; x_wconf 84' lang='lat' dir='ltr'>Quamvis</span> <span class='ocrx_word' id='word_1_117' title='bbox 2025 1551 2170 1606; x_wconf 90' lang='lat' dir='ltr'>enim</span> 
     </span>
     <span class='ocr_line' id='line_1_16' title="bbox 259 1643 2176 1721; baseline 0.001 -20"><span class='ocrx_word' id='word_1_118' title='bbox 259 1663 360 1721; x_wconf 90' lang='lat' dir='ltr'>per</span> <span class='ocrx_word' id='word_1_119' title='bbox 384 1645 805 1720; x_wconf 86' lang='lat' dir='ltr'>pronuntiatam</span> <span class='ocrx_word' id='word_1_120' title='bbox 836 1664 865 1700; x_wconf 92' lang='lat' dir='ltr'>a</span> <span class='ocrx_word' id='word_1_121' title='bbox 890 1645 1138 1702; x_wconf 86' lang='lat' dir='ltr'>Romano</span> <span class='ocrx_word' id='word_1_122' title='bbox 1168 1643 1430 1701; x_wconf 88' lang='lat' dir='ltr'>Pontifice</span> <span class='ocrx_word' id='word_1_123' title='bbox 1458 1645 1799 1702; x_wconf 84' lang='lat' dir='ltr'>sententiam</span> <span class='ocrx_word' id='word_1_124' title='bbox 1832 1664 1999 1702; x_wconf 89' lang='lat' dir='ltr'>causa</span> <span class='ocrx_word' id='word_1_125' title='bbox 2023 1645 2176 1703; x_wconf 87' lang='lat' dir='ltr'>finita</span> 
     </span>
     <span class='ocr_line' id='line_1_17' title="bbox 261 1743 2175 1818; baseline -0.001 -17"><span class='ocrx_word' id='word_1_126' title='bbox 261 1745 356 1816; x_wconf 90' lang='lat' dir='ltr'>sit,</span> <span class='ocrx_word' id='word_1_127' title='bbox 389 1751 577 1801; x_wconf 87' lang='lat' dir='ltr'>tamen</span> <span class='ocrx_word' id='word_1_128' title='bbox 603 1763 717 1800; x_wconf 89' lang='lat' dir='ltr'>non</span> <span class='ocrx_word' id='word_1_129' title='bbox 750 1751 974 1801; x_wconf 89' lang='lat' dir='ltr'>cessant</span> <span class='ocrx_word' id='word_1_130' title='bbox 1007 1746 1111 1800; x_wconf 87' lang='lat' dir='ltr'>hoe</span> <span class='ocrx_word' id='word_1_131' title='bbox 1142 1743 1264 1818; x_wconf 90' lang='lat' dir='ltr'>ipso</span> <span class='ocrx_word' id='word_1_132' title='bbox 1293 1751 1546 1801; x_wconf 88' lang='lat' dir='ltr'>errantes</span> <span class='ocrx_word' id='word_1_133' title='bbox 1578 1745 1673 1818; x_wconf 91' lang='lat' dir='ltr'>qui</span> <span class='ocrx_word' id='word_1_134' title='bbox 1714 1745 2038 1802; x_wconf 87' lang='lat' dir='ltr'>damnatam</span> <span class='ocrx_word' id='word_1_135' title='bbox 2067 1746 2175 1800; x_wconf 81' lang='lat' dir='ltr'>hae-</span> 
     </span>
     <span class='ocr_line' id='line_1_18' title="bbox 261 1842 2238 1920; baseline 0.001 -21"><span class='ocrx_word' id='word_1_136' title='bbox 261 1844 431 1900; x_wconf 86' lang='lat' dir='ltr'>resim</span> <span class='ocrx_word' id='word_1_137' title='bbox 469 1843 806 1910; x_wconf 80' lang='lat' dir='ltr'>sustineant3</span> <span class='ocrx_word' id='word_1_138' title='bbox 853 1842 999 1898; x_wconf 90' lang='lat' dir='ltr'>sicut</span> <span class='ocrx_word' id='word_1_139' title='bbox 1050 1860 1153 1898; x_wconf 88' lang='lat' dir='ltr'>nec</span> <span class='ocrx_word' id='word_1_140' title='bbox 1194 1849 1418 1899; x_wconf 87' lang='lat' dir='ltr'>cessant</span> <span class='ocrx_word' id='word_1_141' title='bbox 1452 1844 1764 1900; x_wconf 87' lang='lat' dir='ltr'>necessario</span> <span class='ocrx_word' id='word_1_142' title='bbox 1811 1850 1937 1920; x_wconf 91' lang='lat' dir='ltr'>post</span> <span class='ocrx_word' id='word_1_143' title='bbox 1985 1843 2178 1919; x_wconf 76' lang='lat' dir='ltr'>synodi</span> <span class='ocrx_word' id='word_1_144' title='bbox 2235 1853 2238 1860; x_wconf 85' lang='lat'>&#39;</span> 
     </span>
     <span class='ocr_line' id='line_1_19' title="bbox 263 1941 2179 2019; baseline 0.001 -22"><span class='ocrx_word' id='word_1_145' title='bbox 263 1942 622 1999; x_wconf 74' lang='lat' dir='ltr'>oecumenicae</span> <span class='ocrx_word' id='word_1_146' title='bbox 670 1942 981 1998; x_wconf 84' lang='lat' dir='ltr'>decretum.</span> <span class='ocrx_word' id='word_1_147' title='bbox 1029 1941 1125 1998; x_wconf 88' lang='lat' dir='ltr'>Ast</span> <span class='ocrx_word' id='word_1_148' title='bbox 1166 1942 1234 1997; x_wconf 89' lang='lat' dir='ltr'>ad</span> <span class='ocrx_word' id='word_1_149' title='bbox 1277 1941 1429 2017; x_wconf 89' lang='lat' dir='ltr'>ipsos</span> <span class='ocrx_word' id='word_1_150' title='bbox 1480 1944 2008 2001; x_wconf 70' lang='lat' dir='ltr'>confundendos“ac</span> <span class='ocrx_word' id='word_1_151' title='bbox 2055 1962 2179 2019; x_wconf 90' lang='lat' dir='ltr'>per-</span> 
     </span>
     <span class='ocr_line' id='line_1_20' title="bbox 260 2042 2179 2117; baseline 0.002 -19"><span class='ocrx_word' id='word_1_152' title='bbox 260 2043 539 2099; x_wconf 89' lang='lat' dir='ltr'>cellendos</span> <span class='ocrx_word' id='word_1_153' title='bbox 570 2043 815 2099; x_wconf 90' lang='lat' dir='ltr'>multum</span> <span class='ocrx_word' id='word_1_154' title='bbox 851 2042 1076 2117; x_wconf 86' lang='lat' dir='ltr'>prodest</span> <span class='ocrx_word' id='word_1_155' title='bbox 1116 2043 1448 2099; x_wconf 85' lang='lat' dir='ltr'>oecumenici</span> <span class='ocrx_word' id='word_1_156' title='bbox 1478 2044 1699 2100; x_wconf 88' lang='lat' dir='ltr'>concilii</span> <span class='ocrx_word' id='word_1_157' title='bbox 1736 2043 2083 2101; x_wconf 64' lang='lat' dir='ltr'>solemnitas</span> <span class='ocrx_word' id='word_1_158' title='bbox 2115 2045 2179 2101; x_wconf 89' lang='lat' dir='ltr'>Et</span> 
     </span>
     <span class='ocr_line' id='line_1_21' title="bbox 263 2141 2176 2217; baseline 0.002 -21"><span class='ocrx_word' id='word_1_159' title='bbox 263 2141 353 2198; x_wconf 92' lang='lat' dir='ltr'>hic</span> <span class='ocrx_word' id='word_1_160' title='bbox 386 2148 467 2197; x_wconf 87' lang='lat' dir='ltr'>est</span> <span class='ocrx_word' id='word_1_161' title='bbox 504 2160 704 2198; x_wconf 85' lang='lat' dir='ltr'>sensus</span> <span class='ocrx_word' id='word_1_162' title='bbox 731 2142 1054 2210; x_wconf 82' lang='lat' dir='ltr'>verborum,</span> <span class='ocrx_word' id='word_1_163' title='bbox 1083 2150 1139 2198; x_wconf 81' lang='lat' dir='ltr'>ut</span> <span class='ocrx_word' id='word_1_164' title='bbox 1179 2145 1343 2197; x_wconf 81' lang='lat' dir='ltr'>omnis</span> <span class='ocrx_word' id='word_1_165' title='bbox 1378 2161 1530 2198; x_wconf 86' lang='lat' dir='ltr'>error</span> <span class='ocrx_word' id='word_1_166' title='bbox 1574 2146 1740 2217; x_wconf 86' lang='lat' dir='ltr'>possit</span> <span class='ocrx_word' id='word_1_167' title='bbox 1780 2141 1999 2199; x_wconf 81' lang='lat' dir='ltr'>aboleri.</span> <span class='ocrx_word' id='word_1_168' title='bbox 2043 2143 2176 2200; x_wconf 90' lang='lat' dir='ltr'>Cum</span> 
     </span>
     <span class='ocr_line' id='line_1_22' title="bbox 260 2239 2178 2311; baseline 0.001 -16"><span class='ocrx_word' id='word_1_169' title='bbox 260 2239 497 2310; x_wconf 87' lang='lat' dir='ltr'>scilicet,</span> <span class='ocrx_word' id='word_1_170' title='bbox 529 2239 825 2296; x_wconf 86' lang='lat' dir='ltr'>accedente</span> <span class='ocrx_word' id='word_1_171' title='bbox 862 2239 1089 2295; x_wconf 90' lang='lat' dir='ltr'>concilii</span> <span class='ocrx_word' id='word_1_172' title='bbox 1122 2241 1458 2297; x_wconf 82' lang='lat' dir='ltr'>oecumenici</span> <span class='ocrx_word' id='word_1_173' title='bbox 1490 2258 1745 2311; x_wconf 89' lang='lat' dir='ltr'>assensu,</span> <span class='ocrx_word' id='word_1_174' title='bbox 1772 2240 2009 2296; x_wconf 90' lang='lat' dir='ltr'>Romani</span> <span class='ocrx_word' id='word_1_175' title='bbox 2043 2242 2178 2299; x_wconf 91' lang='lat' dir='ltr'>Pon-</span> 
     </span>
     <span class='ocr_line' id='line_1_23' title="bbox 259 2335 2177 2411; baseline 0.002 -20"><span class='ocrx_word' id='word_1_176' title='bbox 259 2335 427 2392; x_wconf 80' lang='lat' dir='ltr'>tilicis</span> <span class='ocrx_word' id='word_1_177' title='bbox 446 2336 704 2391; x_wconf 83' lang='lat' dir='ltr'>haeresim</span> <span class='ocrx_word' id='word_1_178' title='bbox 726 2336 1047 2393; x_wconf 88' lang='lat' dir='ltr'>damnantis</span> <span class='ocrx_word' id='word_1_179' title='bbox 1067 2338 1344 2394; x_wconf 89' lang='lat' dir='ltr'>sententia</span> <span class='ocrx_word' id='word_1_180' title='bbox 1360 2338 1539 2394; x_wconf 92' lang='lat' dir='ltr'>multo</span> <span class='ocrx_word' id='word_1_181' title='bbox 1565 2338 1777 2411; x_wconf 88' lang='lat' dir='ltr'>majore</span> <span class='ocrx_word' id='word_1_182' title='bbox 1799 2338 2177 2409; x_wconf 86' lang='lat' dir='ltr'>solemnitate,</span> 
     </span>
     <span class='ocr_line' id='line_1_24' title="bbox 258 2436 2179 2514; baseline 0.001 -22"><span class='ocrx_word' id='word_1_183' title='bbox 258 2436 590 2511; x_wconf 89' lang='lat' dir='ltr'>publicitate</span> <span class='ocrx_word' id='word_1_184' title='bbox 638 2455 700 2492; x_wconf 89' lang='lat' dir='ltr'>ac</span> <span class='ocrx_word' id='word_1_185' title='bbox 744 2439 1078 2493; x_wconf 87' lang='lat' dir='ltr'>notorietate</span> <span class='ocrx_word' id='word_1_186' title='bbox 1109 2438 1373 2510; x_wconf 86' lang='lat' dir='ltr'>donetur,</span> <span class='ocrx_word' id='word_1_187' title='bbox 1420 2437 1645 2494; x_wconf 87' lang='lat' dir='ltr'>facilius</span> <span class='ocrx_word' id='word_1_188' title='bbox 1692 2439 2043 2495; x_wconf 85' lang='lat' dir='ltr'>reducuntur</span> <span class='ocrx_word' id='word_1_189' title='bbox 2083 2457 2179 2514; x_wconf 91' lang='lat' dir='ltr'>po-</span> 
     </span>
     <span class='ocr_line' id='line_1_25' title="bbox 256 2536 2176 2611; baseline 0.001 -20"><span class='ocrx_word' id='word_1_190' title='bbox 256 2536 376 2611; x_wconf 92' lang='lat' dir='ltr'>puli</span> <span class='ocrx_word' id='word_1_191' title='bbox 405 2555 545 2610; x_wconf 90' lang='lat' dir='ltr'>quos</span> <span class='ocrx_word' id='word_1_192' title='bbox 574 2536 826 2592; x_wconf 89' lang='lat' dir='ltr'>seductio</span> <span class='ocrx_word' id='word_1_193' title='bbox 859 2537 916 2591; x_wconf 91' lang='lat' dir='ltr'>in</span> <span class='ocrx_word' id='word_1_194' title='bbox 946 2543 1336 2595; x_wconf 81' lang='lat' dir='ltr'>transversum</span> <span class='ocrx_word' id='word_1_195' title='bbox 1358 2544 1563 2611; x_wconf 83' lang='lat' dir='ltr'>egerat.</span> <span class='ocrx_word' id='word_1_196' title='bbox 1592 2538 1665 2593; x_wconf 89' lang='lat' dir='ltr'>Eo</span> <span class='ocrx_word' id='word_1_197' title='bbox 1694 2539 1778 2594; x_wconf 70' lang='lat' dir='ltr'>vel</span> <span class='ocrx_word' id='word_1_198' title='bbox 1813 2538 1989 2610; x_wconf 81' lang='lat' dir='ltr'>magis</span> <span class='ocrx_word' id='word_1_199' title='bbox 2028 2538 2176 2610; x_wconf 91' lang='lat' dir='ltr'>quod</span> 
     </span>
     <span class='ocr_line' id='line_1_26' title="bbox 259 2634 2174 2708; baseline -0.001 -19"><span class='ocrx_word' id='word_1_200' title='bbox 259 2634 601 2708; x_wconf 87' lang='lat' dir='ltr'>quandoque</span> <span class='ocrx_word' id='word_1_201' title='bbox 626 2634 750 2691; x_wconf 87' lang='lat' dir='ltr'>ideo</span> <span class='ocrx_word' id='word_1_202' title='bbox 779 2641 1003 2690; x_wconf 88' lang='lat' dir='ltr'>tantum</span> <span class='ocrx_word' id='word_1_203' title='bbox 1033 2635 1089 2690; x_wconf 91' lang='lat' dir='ltr'>in</span> <span class='ocrx_word' id='word_1_204' title='bbox 1119 2653 1311 2691; x_wconf 89' lang='lat' dir='ltr'>errore</span> <span class='ocrx_word' id='word_1_205' title='bbox 1334 2635 1715 2705; x_wconf 88' lang='lat' dir='ltr'>detineantur,</span> <span class='ocrx_word' id='word_1_206' title='bbox 1737 2635 1886 2706; x_wconf 89' lang='lat' dir='ltr'>quod</span> <span class='ocrx_word' id='word_1_207' title='bbox 1911 2634 1978 2687; x_wconf 90' lang='lat' dir='ltr'>ad</span> <span class='ocrx_word' id='word_1_208' title='bbox 2006 2634 2174 2706; x_wconf 79' lang='lat' dir='ltr'>ipSOS,</span> 
     </span>
     <span class='ocr_line' id='line_1_27' title="bbox 259 2731 2176 2807; baseline -0.001 -18"><span class='ocrx_word' id='word_1_209' title='bbox 259 2735 611 2792; x_wconf 89' lang='lat' dir='ltr'>obstantibus</span> <span class='ocrx_word' id='word_1_210' title='bbox 640 2736 810 2792; x_wconf 64' lang='lat' dir='ltr'>variis</span> <span class='ocrx_word' id='word_1_211' title='bbox 834 2737 1377 2807; x_wconf 81' lang='lat' dir='ltr'>machinationibUS,</span> <span class='ocrx_word' id='word_1_212' title='bbox 1407 2743 1555 2792; x_wconf 89' lang='lat' dir='ltr'>certa</span> <span class='ocrx_word' id='word_1_213' title='bbox 1581 2735 1779 2791; x_wconf 89' lang='lat' dir='ltr'>notitia</span> <span class='ocrx_word' id='word_1_214' title='bbox 1806 2733 1872 2788; x_wconf 87' lang='lat' dir='ltr'>de</span> <span class='ocrx_word' id='word_1_215' title='bbox 1890 2731 2176 2788; x_wconf 78' lang='lat' dir='ltr'>Pontificio</span> 
     </span>
     <span class='ocr_line' id='line_1_28' title="bbox 259 2832 1597 2910; baseline 0.002 -24"><span class='ocrx_word' id='word_1_216' title='bbox 259 2832 480 2888; x_wconf 89' lang='lat' dir='ltr'>decreto</span> <span class='ocrx_word' id='word_1_217' title='bbox 512 2836 773 2891; x_wconf 85' lang='lat' dir='ltr'>haeresim</span> <span class='ocrx_word' id='word_1_218' title='bbox 815 2836 1120 2892; x_wconf 86' lang='lat' dir='ltr'>damnante</span> <span class='ocrx_word' id='word_1_219' title='bbox 1147 2855 1258 2891; x_wconf 93' lang='lat' dir='ltr'>non</span> <span class='ocrx_word' id='word_1_220' title='bbox 1292 2835 1597 2910; x_wconf 85' lang='lat' dir='ltr'>perveniat.</span> 
     </span>
    </p>

    <p class='ocr_par' dir='ltr' id='par_1_5' title="bbox 258 2933 2177 3287">
     <span class='ocr_line' id='line_1_29' title="bbox 334 2933 2177 3002; baseline 0.001 -15"><span class='ocrx_word' id='word_1_221' title='bbox 334 2933 419 2988; x_wconf 92' lang='grc' dir='ltr'><strong>ΙΙΙ.</strong></span> <span class='ocrx_word' id='word_1_222' title='bbox 463 2933 551 2988; x_wconf 85' lang='lat' dir='ltr'>Sic</span> <span class='ocrx_word' id='word_1_223' title='bbox 591 2935 829 2990; x_wconf 85' lang='lat' dir='ltr'>habetur</span> <span class='ocrx_word' id='word_1_224' title='bbox 874 2937 932 2990; x_wconf 90' lang='lat' dir='ltr'>in</span> <span class='ocrx_word' id='word_1_225' title='bbox 970 2936 1210 2991; x_wconf 91' lang='lat' dir='ltr'>concilio</span> <span class='ocrx_word' id='word_1_226' title='bbox 1255 2934 1709 3002; x_wconf 86' lang='lat' dir='ltr'>Chalcedonensi,</span> <span class='ocrx_word' id='word_1_227' title='bbox 1760 2934 1864 2989; x_wconf 90' lang='lat' dir='ltr'>sub</span> <span class='ocrx_word' id='word_1_228' title='bbox 1891 2934 2057 2989; x_wconf 82' lang='lat' dir='ltr'>finem</span> <span class='ocrx_word' id='word_1_229' title='bbox 2089 2952 2177 2989; x_wconf 87' lang='lat' dir='ltr'>ac-</span> 
     </span>
     <span class='ocr_line' id='line_1_30' title="bbox 258 3031 2175 3107; baseline 0.001 -21"><span class='ocrx_word' id='word_1_230' title='bbox 258 3031 427 3086; x_wconf 84' lang='lat' dir='ltr'>tionis</span> <span class='ocrx_word' id='word_1_231' title='bbox 471 3031 729 3088; x_wconf 87' lang='lat' dir='ltr'>secundae</span> <span class='ocrx_word' id='word_1_232' title='bbox 780 3033 951 3107; x_wconf 90' lang='lat' dir='ltr'>(apud</span> <span class='ocrx_word' id='word_1_233' title='bbox 987 3033 1189 3101; x_wconf 89' lang='lat' dir='ltr'>Labbe,</span> <span class='ocrx_word' id='word_1_234' title='bbox 1225 3037 1375 3088; x_wconf 88' lang='lat' dir='ltr'>tomo</span> <span class='ocrx_word' id='word_1_235' title='bbox 1405 3032 1489 3104; x_wconf 92' lang='lat' dir='ltr'>IV,</span> <span class='ocrx_word' id='word_1_236' title='bbox 1527 3031 1633 3087; x_wconf 91' lang='lat' dir='ltr'>col.</span> <span class='ocrx_word' id='word_1_237' title='bbox 1676 3032 1810 3103; x_wconf 77' lang='lat'>568,</span> <span class='ocrx_word' id='word_1_238' title='bbox 1852 3031 1985 3087; x_wconf 87' lang='lat' dir='ltr'>edit.</span> <span class='ocrx_word' id='word_1_239' title='bbox 2024 3031 2175 3087; x_wconf 89' lang='lat' dir='ltr'>Pari-</span> 
     </span>
     <span class='ocr_line' id='line_1_31' title="bbox 260 3128 2176 3204; baseline 0 -19"><span class='ocrx_word' id='word_1_240' title='bbox 260 3128 381 3198; x_wconf 84' lang='lat' dir='ltr'>siis,</span> <span class='ocrx_word' id='word_1_241' title='bbox 419 3128 615 3202; x_wconf 77' lang='lat'>1671),</span> <span class='ocrx_word' id='word_1_242' title='bbox 651 3130 706 3185; x_wconf 90' lang='lat' dir='ltr'>in</span> <span class='ocrx_word' id='word_1_243' title='bbox 741 3148 851 3202; x_wconf 91' lang='lat' dir='ltr'>qua</span> <span class='ocrx_word' id='word_1_244' title='bbox 878 3131 1020 3187; x_wconf 91' lang='lat' dir='ltr'>lecta</span> <span class='ocrx_word' id='word_1_245' title='bbox 1047 3129 1228 3186; x_wconf 89' lang='lat' dir='ltr'>fuerat</span> <span class='ocrx_word' id='word_1_246' title='bbox 1259 3129 1439 3185; x_wconf 91' lang='lat' dir='ltr'>sancti</span> <span class='ocrx_word' id='word_1_247' title='bbox 1468 3128 1662 3185; x_wconf 89' lang='lat' dir='ltr'>Leonis</span> <span class='ocrx_word' id='word_1_248' title='bbox 1687 3129 1921 3203; x_wconf 88' lang='lat' dir='ltr'>epistola</span> <span class='ocrx_word' id='word_1_249' title='bbox 1949 3129 2176 3204; x_wconf 84' lang='lat' dir='ltr'>dogma-</span> 
     </span>
     <span class='ocr_line' id='line_1_32' title="bbox 259 3229 864 3287; baseline 0 -2"><span class='ocrx_word' id='word_1_250' title='bbox 259 3229 367 3285; x_wconf 89' lang='lat' dir='ltr'>tica</span> <span class='ocrx_word' id='word_1_251' title='bbox 396 3230 463 3287; x_wconf 87' lang='lat' dir='ltr'>ad</span> <span class='ocrx_word' id='word_1_252' title='bbox 496 3230 824 3287; x_wconf 80' lang='lat' dir='ltr'>Flavianum</span> <span class='ocrx_word' id='word_1_253' title='bbox 854 3253 864 3284; x_wconf 91' lang='lat'>:</span> 
     </span>
    </p>

    <p class='ocr_par' dir='ltr' id='par_1_6' title="bbox 241 3328 2172 3703">
     <span class='ocr_line' id='line_1_33' title="bbox 339 3328 2172 3406; baseline 0 -23"><span class='ocrx_word' id='word_1_254' title='bbox 339 3352 366 3383; x_wconf 89' lang='lat'>«</span> <span class='ocrx_word' id='word_1_255' title='bbox 395 3331 522 3387; x_wconf 89' lang='lat' dir='ltr'>Post</span> <span class='ocrx_word' id='word_1_256' title='bbox 556 3331 857 3387; x_wconf 89' lang='lat' dir='ltr'>lectionem</span> <span class='ocrx_word' id='word_1_257' title='bbox 898 3338 1082 3388; x_wconf 85' lang='lat' dir='ltr'>autem</span> <span class='ocrx_word' id='word_1_258' title='bbox 1116 3330 1396 3406; x_wconf 62' lang='lat' dir='ltr'>praedictae</span> <span class='ocrx_word' id='word_1_259' title='bbox 1423 3330 1692 3406; x_wconf 71' lang='lat' dir='ltr'>epistolae,</span> <span class='ocrx_word' id='word_1_260' title='bbox 1724 3328 2172 3386; x_wconf 79' lang='lat' dir='ltr'>reverendissimi</span> 
     </span>
     <span class='ocr_line' id='line_1_34' title="bbox 255 3428 2169 3505; baseline -0.002 -21"><span class='ocrx_word' id='word_1_261' title='bbox 255 3428 512 3504; x_wconf 85' lang='lat' dir='ltr'>Episcopi</span> <span class='ocrx_word' id='word_1_262' title='bbox 549 3429 968 3487; x_wconf 86' lang='lat' dir='ltr'>clamaverunt:</span> <span class='ocrx_word' id='word_1_263' title='bbox 1014 3432 1132 3487; x_wconf 86' lang='lat' dir='ltr'>haec</span> <span class='ocrx_word' id='word_1_264' title='bbox 1164 3437 1390 3505; x_wconf 89' lang='lat' dir='ltr'>patrum</span> <span class='ocrx_word' id='word_1_265' title='bbox 1433 3429 1589 3499; x_wconf 81' lang='lat' dir='ltr'>fides,</span> <span class='ocrx_word' id='word_1_266' title='bbox 1633 3430 1749 3486; x_wconf 79' lang='lat' dir='ltr'>haec</span> <span class='ocrx_word' id='word_1_267' title='bbox 1788 3428 2169 3505; x_wconf 89' lang='lat' dir='ltr'>apostolorum</span> 
     </span>
     <span class='ocr_line' id='line_1_35' title="bbox 256 3528 2170 3601; baseline -0.001 -18"><span class='ocrx_word' id='word_1_268' title='bbox 256 3528 416 3586; x_wconf 90' lang='lat' dir='ltr'>fides.</span> <span class='ocrx_word' id='word_1_269' title='bbox 446 3530 649 3587; x_wconf 86' lang='lat' dir='ltr'>Omnes</span> <span class='ocrx_word' id='word_1_270' title='bbox 690 3531 766 3587; x_wconf 88' lang='lat' dir='ltr'>ita</span> <span class='ocrx_word' id='word_1_271' title='bbox 798 3531 1104 3601; x_wconf 78' lang='lat' dir='ltr'>credimUS,</span> <span class='ocrx_word' id='word_1_272' title='bbox 1139 3531 1435 3588; x_wconf 85' lang='lat' dir='ltr'>orthodoxi</span> <span class='ocrx_word' id='word_1_273' title='bbox 1468 3531 1544 3587; x_wconf 89' lang='lat' dir='ltr'>ita</span> <span class='ocrx_word' id='word_1_274' title='bbox 1576 3531 1833 3599; x_wconf 87' lang='lat' dir='ltr'>credunt,</span> <span class='ocrx_word' id='word_1_275' title='bbox 1873 3529 2170 3586; x_wconf 88' lang='lat' dir='ltr'>anathema</span> 
     </span>
     <span class='ocr_line' id='line_1_36' title="bbox 241 3624 2172 3703; baseline -0.003 -18"><span class='ocrx_word' id='word_1_276' title='bbox 241 3625 310 3679; x_wconf 38' lang='lat' dir='ltr'>*ei</span> <span class='ocrx_word' id='word_1_277' title='bbox 353 3627 449 3699; x_wconf 90' lang='lat' dir='ltr'>qui</span> <span class='ocrx_word' id='word_1_278' title='bbox 481 3628 556 3685; x_wconf 91' lang='lat' dir='ltr'>ita</span> <span class='ocrx_word' id='word_1_279' title='bbox 590 3647 703 3685; x_wconf 90' lang='lat' dir='ltr'>non</span> <span class='ocrx_word' id='word_1_280' title='bbox 752 3629 949 3687; x_wconf 88' lang='lat' dir='ltr'>credit.</span> <span class='ocrx_word' id='word_1_281' title='bbox 991 3630 1183 3686; x_wconf 82' lang='lat' dir='ltr'>Petrus</span> <span class='ocrx_word' id='word_1_282' title='bbox 1208 3647 1307 3703; x_wconf 87' lang='lat' dir='ltr'>per</span> <span class='ocrx_word' id='word_1_283' title='bbox 1323 3629 1548 3685; x_wconf 77' lang='lat' dir='ltr'>Leonem</span> <span class='ocrx_word' id='word_1_284' title='bbox 1585 3631 1661 3684; x_wconf 84' lang='lat' dir='ltr'>ita</span> <span class='ocrx_word' id='word_1_285' title='bbox 1689 3630 1891 3684; x_wconf 72' lang='lat' dir='ltr'>Iocutus</span> <span class='ocrx_word' id='word_1_286' title='bbox 1922 3633 2071 3680; x_wconf 86' lang='lat' dir='ltr'>est.»</span> <span class='ocrx_word' id='word_1_287' title='bbox 2107 3624 2172 3679; x_wconf 90' lang='lat' dir='ltr'>Et</span> 
     </span>
    </p>
   </div>
   <div class='ocr_carea' id='block_1_3' title="bbox 2300 0 2320 801">
    <p class='ocr_par' dir='ltr' id='par_1_7' title="bbox 2300 0 2320 801">
     <span class='ocr_line' id='line_1_37' title="bbox 2300 0 2320 801; baseline 0 3209"><span class='ocrx_word' id='word_1_288' title='bbox 2300 0 2320 801; x_wconf 95' lang='lat' dir='ltr'> </span> 
     </span>
    </p>
   </div>
  </div>
 </body>
</html>
