2372 4108
320 227 380 275 50
994 223 1290 272 TRACTATUS
1321 225 1386 271 DE
1416 225 1563 274 PAPA.

317 337 508 392 iterum
550 337 800 409 orucifiyi‚
845 332 1036 388 deesse
1065 349 1258 389 vocem
1299 332 1523 396 Romam
1555 333 1615 390 in
1658 337 1948 413 plerisque
1988 343 2239 416 antiquis

317 432 744 507 manuscriptis.
789 430 886 488 Ast
918 430 1145 489 etiamsi
1185 450 1215 488 a
1253 438 1407 489 textu
1450 434 1698 506 genuino
1733 436 1948 496 abesset
1976 441 2073 496 illa
2112 460 2239 510 vox⁷

314 551 438 591 eam
479 539 771 590 contextus
823 537 875 588 et
919 531 1151 589 traditio
1189 533 1415 590 abunde
1466 535 1815 610 supplerent.
1864 539 2139 597 Caeterum
2162 541 2239 599 ita

313 632 607 705 subjungit
647 632 798 690 idem
835 632 1172 690 adnotator:
1207 632 1418 697 «Quod
1455 651 1584 690 vero
1609 636 1678 690 ad
1702 636 1849 693 Petri
1886 637 2123 695 Romam
2149 641 2249 696 ad-

309 735 568 803 ventum,
594 731 829 806 ejusque
853 731 920 788 de
956 731 1185 788 Simone
1225 732 1379 806 Mago
1409 732 1734 804 victoriam,
1770 742 2092 810 utrumque
2126 744 2273 797 tam.

310 827 618 903 multiplici
645 836 873 904 patrum
898 836 1152 887 veterum
1186 830 1517 888 testimonio
1542 832 1885 906 celebratur,
1921 841 1983 891 ut
2009 853 2113 892 nos
2137 855 2247 911 pu-

308 926 464 984 deret
482 928 567 984 vel
590 930 950 987 recensendis
973 948 1170 987 eorum
1195 931 1526 988 nominibus
1544 931 1840 989 immorari
1862 955 1871 999 ;
1896 951 2027 989 cum
2051 941 2245 991 tamen

309 1026 587 1100 quosdam
606 1046 673 1083 ex
685 1029 1039 1087 heterodoxis
1056 1030 1239 1086 adhuc
1253 1049 1366 1086 non
1382 1031 1591 1106 pudeat
1617 1049 1734 1087 rem
1753 1049 1782 1086 a
1798 1031 2023 1087 Calvino
2049 1032 2172 1107 ipso
2189 1040 2240 1090 et

309 1123 623 1197 Blondello,
636 1127 928 1185 evidentiae
944 1129 999 1185 vi
1013 1131 1244 1201 coactiS‚
1265 1130 1515 1202 agnitam
1530 1136 1582 1186 et
1597 1130 1914 1187 confessam
1939 1131 2243 1188 inficiari.»

388 1223 481 1280 10⁰
524 1226 868 1284 Prudentius,
894 1229 1051 1285 —In
1084 1231 1294 1304 hymno
1341 1229 1522 1286 sancti
1561 1230 1848 1286 Laurentii
1895 1252 1905 1285 :
1943 1252 1969 1283 «
2016 1231 2247 1287 Discede

307 1324 625 1400 Jupiter...‚
685 1327 947 1402 relinque,
1007 1328 1318 1386 Romam...
1377 1329 1516 1385 Hinc
1573 1336 1629 1386 te
1682 1330 1911 1404 sanguis
1983 1332 2245 1387 exturbat

306 1423 530 1480 Petri.»

381 1521 462 1577 IV.
493 1523 793 1579 TEST1MON1A
818 1543 980 1586 Qumri
1006 1543 1210 1578 sazema.
1241 1556 1310 1563 -—
1338 1523 1394 1578 1⁰
1419 1525 1477 1581 S.
1501 1525 1955 1597 Hieronymus.—
1998 1547 2024 1578 «
2054 1526 2244 1584 Simon

304 1624 504 1683 Petrus
548 1623 616 1681 ad
655 1623 1097 1699 expugnandum
1149 1622 1437 1679 Simonem
1488 1623 1712 1696 Magum
1749 1623 1986 1681 Romam
2038 1627 2259 1700 pergit,-

311 1723 509 1796 ibique
542 1723 611 1779 25
670 1722 834 1777 annis
873 1721 1201 1777 cathedram
1243 1721 1654 1776 sacerdotalem
1694 1722 1902 1790 tenuit,
1948 1742 2130 1795 usque
2173 1725 2243 1780 ad

311 1821 605 1890 ultimum,
636 1821 693 1876 id
720 1828 821 1891 est,
852 1820 1139 1876 decimum
1168 1827 1439 1893 quartum
1464 1820 1696 1876 Neronis
1723 1839 1969 1889 annum3
2000 1841 2027 1877 a
2054 1841 2166 1895 quo
2191 1830 2245 1880 et

313 1919 515 1976 affixus
541 1920 719 1990 cruci,
745 1920 1018 1994 martyrio
1037 1927 1338 1975 coronatus
1363 1926 1468 1990 est,
1492 1920 1674 1995 capite
1706 1920 1775 1975 ad
1803 1926 2015 1976 terram
2040 1941 2243 1978 verso»

314 2018 409 2093 (De
430 2017 575 2074 Viris
608 2018 950 2092 illustribus,
979 2018 1037 2073 in
1060 2019 1264 2092 Petro).
1293 2039 1320 2071 «
1348 2019 1482 2074 Cum
1504 2036 1833 2075 successore
1857 2019 2165 2094 piscatoris
2190 2029 2239 2077 et

312 2117 594 2193 discipulo
617 2118 803 2175 crucis
822 2119 1044 2192 loquor.
1074 2118 1184 2191 Ego
1202 2118 1545 2176 Beatitudini
1574 2119 1724 2188 Tuae,
1752 2119 1810 2175 id
1839 2126 1919 2175 est
1946 2121 2074 2176 cath
2094 2120 2242 2177 edrae

310 2217 480 2287 Petri,
523 2219 927 2274 communione
950 2218 1242 2274 consocior
1271 2241 1297 2270 »
1360 2218 1560 2293 (Epist.
1603 2218 1629 2272 1
1681 2218 1750 2272 ad
1793 2217 2126 2289 Damasum,
2175 2219 2244 2275 de

310 2318 542 2374 nomine
564 2320 909 2393 hypostasis).

386 2415 442 2470 20
466 2415 523 2473 S.
557 2417 984 2490 Chrysostomus.
1006 2449 1076 2456 —
1106 2438 1133 2468 «
1161 2416 1281 2471 Non
1305 2415 1382 2472 ita
1408 2413 1613 2470 coelum
1640 2413 1979 2488 splendescit
2006 2412 2234 2484 quando

306 2512 497 2569 radios
539 2534 672 2571 suos
711 2515 792 2571 sol
832 2534 896 2571 ex
935 2533 993 2571 se
1032 2515 1289 2586 dimittit,
1331 2511 1811 2587 quemadmodum
1843 2511 2230 2567 Romanorum

306 2611 445 2668 Urbs
471 2612 610 2669 duas
644 2613 770 2669 illas
807 2613 1099 2689 lampadas
1137 2613 1350 2687 ubique
1394 2619 1682 2668 terrarum
1729 2610 2045 2666 effundens
2093 2610 2230 2665 Hinc

306 2712 560 2786 rapietur
600 2714 831 2784 Paulus,
875 2714 1007 2770 hinc
1044 2714 1263 2770 Petrus.
1308 2712 1669 2768 Considerate
1712 2718 1765 2767 et
1805 2712 2027 2766 horrete
2063 2709 2231 2782 quale

309 2813 694 2885 spectaculum
736 2814 926 2870 visura
966 2814 1038 2869 sit
1072 2814 1248 2869 Roma
1282 2836 1292 2867 :
1324 2813 1562 2868 Paulum
1594 2811 1855 2867 videlicet
1894 2815 2123 2885 repente
2162 2827 2228 2866 ex

306 2909 467 2964 theca
491 2909 589 2965 illa
623 2929 754 2965 cum
783 2911 944 2966 Petro
979 2917 1391 2983 resurgentem,
1432 2911 1491 2965 in
1536 2909 2080 2971 occursumDomini
2104 2927 2232 2964 sur-

308 3026 436 3065 sum
461 3007 593 3064 ferri
623 3030 648 3060 »
675 3008 933 3081 (Homilia
969 3009 1038 3064 52
1066 3009 1124 3063 in
1148 3009 1322 3084 Epist.
1355 3008 1424 3063 ad
1447 3009 1663 3079 Rom.).

382 3107 438 3163 5⁰
469 3108 527 3165 S.
553 3109 804 3183 Prosper.
829 3142 898 3148 —
927 3130 954 3161 «
981 3108 1147 3164 Sedes
1185 3107 1361 3163 Roma
1388 3106 1556 3175 Petri,
1584 3124 1708 3179 quae
1732 3105 2031 3181 pastoralis
2058 3107 2234 3162 hono-

305 3206 384 3263 ris
412 3207 558 3264 facta
582 3214 752 3284 caput
786 3207 1000 3264 mundo
1026 3229 1053 3260 »
1090 3207 1369 3280 (Poemate
1393 3211 1589 3261 contra
1616 3204 1875 3278 Ingrat.).

380 3308 436 3364 4ο
462 3307 520 3364 S.
551 3307 894 3381 Auqustimffi.
938 3340 1007 3347 -—
1047 3306 1316 3362 Sermone
1343 3305 1450 3360 297
1483 3305 1542 3360 in
1578 3304 1754 3360 natali
1788 3303 1933 3359 Petri
1966 3309 2016 3360 et
2040 3304 2220 3374 Pauli,

300 3410 353 3460 et
385 3405 519 3462 alibi
545 3424 710 3482 saepe.
858 3398 865 3406 ’

377 3508 431 3563 5⁰
456 3507 694 3565 Orosius.
726 3539 795 3548 -
821 3508 984 3565 Libro
1008 3506 1096 3564 Vll
1121 3506 1349 3580 histor.,
1378 3503 1559 3579 capite
1584 3523 1655 3560 v1.

378 3607 435 3661 6⁰
463 3607 684 3678 Optatus
717 3610 892 3667 Milev.
924 3642 994 3649 —
1026 3631 1053 3662 «
1082 3608 1292 3683 Negare
1329 3625 1441 3663 non
1487 3612 1644 3681 potes
1691 3600 1836 3659 scire
1871 3605 1929 3657 te
1970 3599 2029 3654 in
2074 3600 2220 3656 urbe

301 3706 475 3762 Roma
499 3707 658 3766 Petro
694 3708 878 3783 primo
901 3708 1301 3766 cathedram...
1334 3723 1457 3761 esse
1480 3703 1762 3770 collatam,
1792 3698 1850 3754 in
1876 3716 1983 3772 qua
2011 3697 2215 3755 sederit
