2320 4010
795 196 925 246 PARS
955 193 1193 242 SECUNDA.
1849 191 1935 239 52⁰

63 280 214 363 Jesu'
236 303 536 373 Christi...,
582 304 667 361 vel
710 303 937 378 reliquis
976 298 1364 358 ecclesiasticis
1411 296 1796 366 sacramentiS,
1840 315 1940 354 seu

67 402 188 472 fidei
205 401 461 471 articulis,
488 401 643 456 aliter
666 403 858 457 sentire
873 408 962 455 aut
984 399 1170 454 docere
1186 413 1339 469 quam
1358 402 1691 451 sacrosancta
1707 395 1942 451 Romana

69 498 302 553 Ecclesia
321 506 370 552 et
389 498 694 553 universalis
718 498 885 569 docet,
900 495 1155 568 praedicat
1177 501 1228 549 et
1248 494 1554 549 observat...
1580 508 1943 568 praesumpse-

70 594 273 663 rint,...
296 598 556 666 tanquam
583 594 847 649 haereticos
870 591 1132 665 judicetis
1150 613 1178 642 »
1200 589 1346 663 (vide
1364 590 1421 644 in
1441 589 1679 646 Bullario
1699 589 1943 646 Romano

71 690 335 764 integram
379 691 532 746 illam
562 690 1039 757 constitutionem,
1068 694 1218 743 tomo
1244 686 1331 756 111,
1364 693 1520 761 parte
1554 686 1620 756 11,
1655 704 1778 760 pag.
1810 687 1942 757 418,

70 786 324 843 editionis
351 787 747 859 Cocquelines).
779 787 853 841 Ex
872 786 976 842 isto
994 786 1115 840 loco
1137 784 1270 840 dicti
1297 791 1548 839 auctores
1574 784 1655 839 sic
1670 789 1940 856 arguunt:

68 890 332 955 tanquam
361 884 648 939 haereticus
668 882 1003 955 judicandus
1033 886 1115 936 est
1139 880 1236 950 qui
1268 881 1422 934 aliter
1449 882 1605 934 sentit
1630 882 1696 934 de
1715 882 1839 950 fidei
1863 899 1948 935 ar-

69 980 235 1034 ticulis
253 996 407 1050 quam
428 979 662 1032 Romana
678 977 911 1031 Ecclesia
922 997 940 1038 ;
967 975 1061 1031 sed
1085 974 1181 1045 qui
1200 978 1347 1028 tenet
1364 990 1623 1028 erroneos
1641 990 1762 1028 esse
1787 991 1948 1046 posse

67 1073 325 1129 articulos
349 1073 474 1128 fidei
501 1091 531 1127 a
555 1072 692 1145 Papa
719 1070 992 1138 definitos,
1034 1071 1191 1125 aliter
1214 1072 1371 1124 sentit
1401 1087 1553 1141 quam
1577 1070 1816 1125 Romana
1851 1070 1950 1125 Ec·

69 1172 247 1235 clesia;
272 1188 400 1242 ergo
428 1188 526 1243 pro
553 1170 808 1225 haeretico
835 1168 1123 1225 habendus
1141 1173 1242 1223 est.
1271 1167 1410 1222 Huic
1438 1172 1623 1222 tamen
1655 1185 1949 1239 argumen-

70 1268 263 1324 tationi
295 1268 625 1340 respondere
654 1274 887 1340 possunt
920 1266 1183 1322 Gallicani
1212 1266 1527 1339 systematis
1558 1266 1799 1339 patroni,
1840 1284 1950 1321 non

72 1362 179 1417 dici
213 1368 427 1418 tantum
456 1361 513 1416 in
537 1362 709 1431 bulla,
742 1364 892 1417 aliter
913 1380 1064 1433 quam
1084 1363 1229 1416 (locet
1261 1363 1495 1416 Romana
1527 1362 1782 1431 Ecclesia,
1812 1363 1907 1418 sed
1936 1386 1945 1416 ε

75 1457 234 1512 aliter
263 1474 427 1528 quam
450 1457 606 1512 docet
639 1458 871 1513 Romana
906 1458 1135 1512 Ecclesia
1154 1467 1202 1512 et
1229 1458 1553 1512 universalis.
1585 1458 1734 1513 Unde
1758 1458 1828 1513 ob
1860 1476 1954 1513 an—

76 1571 242 1608 nexas
271 1571 425 1608 voces
448 1562 496 1609 et
524 1555 855 1623 universalis,
894 1555 1206 1626 argumenti
1235 1555 1345 1610 vim
1378 1555 1733 1628 aliquatenus
1766 1555 1949 1612 forsan

74 1651 293 1705 eludere
327 1657 578 1723 possunt.
608 1651 951 1725 Quapropter
972 1670 1073 1706 nos
1095 1670 1159 1707 eo
1186 1652 1515 1707 documento
1542 1654 1807 1708 utendum
1843 1673 1949 1710 non

74 1745 358 1810 ducimus;
394 1746 499 1802 nisi
529 1753 711 1802 tamen
743 1765 807 1802 ex
836 1747 1051 1803 collatis
1078 1749 1471 1821 manuscriptis
1502 1749 1801 1821 probarent
1827 1768 1954 1806 eru-

75 1840 174 1896 diti
206 1842 465 1896 vocabula
497 1844 610 1898 haec
627 1852 677 1897 et
698 1845 1002 1897 ztrtiversalis
1028 1844 1294 1899 mendose
1320 1844 1559 1917 adjectas
1583 1844 1774 1913 tuisse,
1805 1852 1858 1902 et
1885 1847 1953 1901 ad

73 1940 281 1991 textum
310 1937 691 1992 authenticum
723 1955 834 1991 non
864 1937 1157 2010 pertinere.

758 2188 1045 2281 ‘CAPUT
1095 2224 1210 2281 vn

526 2376 738 2411 oplnlo
762 2378 845 2410 ΒΕ
870 2378 1110 2411 nonnis!
1135 2379 1483 2416 Polv‘nffiwcls

120 2441 578 2475 Flummnlu'lwrc
593 2463 607 2487 7
646 2443 1155 2477 comswmvnnmsus
1197 2443 1460 2478 comum!
1501 2447 1907 2487 'tumultuatis

319 2509 504 2553 olum,
533 2509 663 2542 mox
691 2509 1106 2542 conflaturum
1131 2510 1408 2545 REJBCTA
1434 2513 1562 2558 EST,
1586 2515 1703 2549 NEC

580 2576 840 2609 ntznxn'
865 2576 1022 2610 ANTE
1048 2577 1259 2611 Alvn'vm
1286 2578 1446 2613 ¹003.

147 2708 203 2762 Id
234 2716 447 2765 certum
476 2710 703 2779 faciunt,
734 2718 852 2766 tum
881 2711 1235 2768 celeberrima
1272 2715 1493 2770 concilii
1528 2717 1827 2775 florentini
1859 2722 1950 2777 de-

73 2804 271 2873 finitio,
324 2812 440 2860 tum
478 2815 767 2878 sequentes
801 2815 1090 2863 auctorum
1126 2810 1222 2880 qui
1266 2810 1411 2866 dicto
1456 2815 1715 2887 temporis
1768 2824 1946 2874 tractu

74 2898 373 2955 floruerunt
403 2902 707 2958 citationes

150 2993 389 3048 Dar-'mmo
424 2997 710 3052 FLonaNTm
749 3018 962 3067 concuti,
1010 3018 1153 3056 anno
1182 3002 1352 3059 1459.
1395 3037 1462 3044 —
1502 3028 1527 3058 «
1560 3007 1945 3064 Diffinimus...

79 3086 261 3159 ipsum
302 3087 612 3144 Pontificem
658 3093 966 3150 Romanum
1025 3114 1398 3152 successorem
1449 3117 1570 3153 esse
1623 3101 1767 3154 beati
1809 3102 1949 3158 Petri

78 3182 340 3255 principis
374 3187 745 3255 apostolorum
784 3196 835 3243 et
869 3207 1061 3244 verum
1103 3192 1301 3246 Christi
1335 3194 1625 3261 vicarium,
1668 3198 1948 3270 totiusque

78 3277 325 3332 Ecclesiae
342 3286 575 3350 caputet
606 3282 855 3335 omnium
877 3284 1302 3338 christianorum
1332 3293 1544 3356 patrem
1579 3306 1639 3343 ac
1667 3291 1945 3351 doctorem

79 3372 335 3437 existere;
369 3380 419 3427 et
456 3374 559 3446 ipsi
598 3374 651 3428 in
683 3375 838 3429 beato
876 3377 1031 3431 Petro
1058 3379 1336 3449 pascendi,
1372 3384 1617 3453 regendi,
1656 3405 1717 3442 ac
1746 3392 1948 3460 guber-

80 3467 244 3521 nandi
272 3468 635 3523 universalem
676 3470 969 3525 Ecclesiam
1012 3490 1036 3526 a
1081 3473 1308 3528 Domino
1348 3483 1537 3533 nostro
1573 3481 1699 3536 Jcsu
1736 3485 1948 3543 Christo

80 3563 297 3636 plenam
328 3572 652 3638 potestatem
696 3569 947 3624 traditam
983 3587 1153 3625 esso»
1189 3572 1404 3643 (Lahbe,
1443 3580 1479 3630 t.
1515 3577 1644 3648 xm,
1677 3583 1780 3637 col.
1817 3586 1946 3656 515,
2014 3633 2018 3638 .

319 3683 348 3713 1.
1651 3684 1706 3728 54
