2372 4108
927 292 1053 339 PARS
1084 293 1257 340 PRIMA.
1983 289 2036 335 91

158 403 330 462 menti
387 401 637 477 mysterii
682 401 1060 458 illustrantem
1103 409 1205 475 per
1261 399 1682 457 litteraS...·Per
1715 397 2043 471 Ayatltonevn

156 501 345 557 Petrus
379 499 734 570 loquebatur»
803 495 1051 567 (Actione
1077 494 1167 562 18,
1207 496 1266 551 in
1302 514 1558 551 sermone
1590 493 2038 571 prophonetico).

156 595 217 652 Et
243 596 301 651 in
326 594 506 651 literis
548 594 615 650 ad
646 592 991 666 Agathonem
1029 590 1109 646 sic
1146 591 1398 664 loquitur
1429 593 1705 666 synodus:
1756 590 1950 660 «Tibi,
1980 596 2042 647 ut

152 695 340 765 primae
365 691 490 748 Secti
515 689 831 746 aecvaeiversolis
856 685 1096 742 Ecclesiae
1116 687 1252 758 quid
1271 688 1551 760 agendum
1575 687 1646 743 sit
1664 687 2042 760 relinquimus

157 788 324 844 stanti
383 805 548 861 supra
599 786 818 840 firmam
850 788 1084 858 petram;
1134 783 1376 839 libenter
1433 784 1849 855 acquiescentes
1901 803 2042 842 verae

155 885 517 942 confessionis
547 882 750 939 litteris
782 901 826 937 a¹
846 888 1027 939 vestra
1060 888 1292 957 paterna
1327 881 1675 938 beatitudine
1701 882 1769 936 ad
1803 882 2043 956 impera-

155 990 328 1039 torem
364 980 572 1050 missiS‚
610 997 749 1053 quas
787 985 846 1034 ut
886 997 914 1033 a
955 997 1175 1034 summo
1201 979 1592 1053 Apostolorum
1627 978 1832 1034 vertice
1858 977 2044 1035 divine

158 1080 494 1155 perscriptas
543 1078 916 1152 agnoscimus
947 1100 974 1131 »
1014 1077 1155 1133 Sane
1196 1078 1291 1151 qui
1346 1080 1426 1134 sic
1472 1077 1850 1149 loquebantur
1892 1079 2038 1156 haud

159 1179 392 1235 dubium
420 1177 695 1233 habebant
722 1176 1025 1250 primatum
1062 1175 1471 1249 jurisdictionis
1508 1175 1739 1230 Romani
1767 1175 2039 1250 Episcopi.

229 1275 288 1334 V.
333 1276 413 1332 Ex
451 1279 578 1332 actis
613 1277 932 1332 oeettmenicae
974 1276 1209 1346 septimae
1260 1274 1469 1346 synodi,
1519 1291 1633 1345 qnae
1692 1273 1792 1343 suit
1836 1273 2043 1330 Nicaena

158 1377 404 1443 secunda,
440 1378 565 1430 αηηὶ
597 1374 819 1429 787.-
849 1373 1098 1447 Synodus
1128 1373 1246 1442 illa,
1281 1373 1497 1427 actione
1537 1372 1802 1440 secunda,
1838 1372 2044 1446 recepit

163 1478 213 1525 et
260 1471 506 1549 probavit
536 1469 763 1524 Adriani
793 1470 947 1542 Papae
994 1469 1061 1523 ad
1099 1469 1426 1523 Tharasium
1484 1469 1800 1542 epistolam,
1835 1469 1893 1523 in
1935 1487 2041 1540 qna

165 1565 243 1619 sic
296 1566 557 1620 liabetur:
616 1588 641 1617 «
674 1565 1163 1620 Omne-zizanium
1203 1564 1514 1620 eradicetur
1558 1565 1625 1620 ab
1675 1565 1937 1635 Ecclesia,
1992 1575 2041 1622 et

164 1664 378 1719 Domini
438 1665 610 1719 nostri
670 1657 797 1719 Jesu
848 1663 1046 1719 Christi
1092 1682 1272 1719 sermo
1318 1664 1665 1737 compleatur
1704 1665 1834 1738 quia
1869 1673 2042 1738 portae

162 1763 315 1832 inferi
338 1779 439 1816 non
458 1763 811 1834 praevalebunt
835 1763 1082 1816 adversus
1097 1781 1231 1817 eam.
1259 1763 1318 1817 Et
1344 1779 1569 1816 rursus:
1606 1762 1677 1816 Tu
1707 1781 1759 1817 es
1782 1763 2034 1819 Petrus..

164 1859 286 1912 etin
309 1859 462 1913 coelis,
494 1858 657 1930 Cujus
685 1856 838 1912 sedes
870 1858 924 1911 in
949 1875 1169 1912 omnem
1202 1863 1482 1912 terrarum
1509 1859 1700 1912 orbem
1734 1859 2036 1931 primatum

162 1960 353 2008 tenens
383 1954 634 2026 refulget,
665 1960 714 2009 et
756 1961 918 2027 caput
953 1954 1204 2009 omnium
1237 1954 1606 2009 Ecclesiarum
1635 1954 1725 2009 Dei
1760 1956 2035 2012 consistit.

162 2052 311 2109 Unde
332 2053 478 2108 idem
500 2054 691 2109 beatus
710 2054 904 2109 Petrus
931 2054 1227 2128 Apostolus
1254 2053 1470 2131 Domini
1510 2062 1781 2128 praecepto
1807 2073 2043 2130 pascens

162 2148 480 2221 Ecclesiam,
514 2151 653 2206 nihil
679 2150 1014 2206 dissolutum
1042 2151 1278 2222 dimisit,
1306 2151 1399 2207 sed
1430 2152 1611 2207 tenuit
1648 2171 1868 2226 semper
1895 2163 1941 2209 et
1972 2173 2046 2209 re-

161 2248 283 2301 tinet
302 2250 669 2321 principatum.
706 2248 798 2302 Cui
845 2248 889 2303 si
927 2249 1208 2303 adhaerere
1237 2248 1390 2322 cupit
1419 2255 1601 2304 vestra
1649 2249 1938 2321 sanctitaS,
1991 2259 2041 2307 et

159 2351 356 2399 nostrae
374 2347 693 2418 Apostolicae
718 2347 1033 2418 Sedis,quae
1064 2351 1143 2401 est
1180 2354 1346 2420 caput
1373 2348 1627 2402 omnium
1661 2348 2038 2405 Ecclesiarum

159 2439 273 2507 Dei,
309 2462 334 2491 »
373 2447 478 2495 etc.
527 2443 748 2514 (Lahbe,
798 2443 1168 2499 Conciliorum
1211 2451 1361 2499 tomo
1404 2446 1509 2513 vll,
1566 2446 1670 2500 col.
1716 2445 1846 2515 126,
1900 2447 2034 2502 edit.

158 2537 399 2607 Parisiis,
442 2540 623 2602 1071).
659 2542 737 2596 lbi
776 2544 967 2611 habeS,
1006 2544 1179 2600 sancti
1226 2544 1369 2599 Petri
1391 2546 1754 2618 -priucipatum
1797 2547 2037 2601 exerceri

160 2643 546 2707 permanenter
592 2657 689 2711 per
730 2639 1032 2694 Romanam
1076 2641 1300 2706 Sede1n3
1351 2659 1410 2695 ac
1458 2641 1693 2714 proinde
1733 2642 1863 2697 huic
1906 2642 2034 2698 Sedi

148 2730 466 2809 'competere
520 2736 822 2810 primatum
869 2738 1277 2811 jurisdictionis
1324 2739 1380 2795 in
1435 2740 1803 2797 universalem
1857 2741 2036 2798 Eccle-

159 2830 317 2886 siam.

232 2929 309 2984 Π.
355 2930 436 2986 Ea:
469 2934 598 2986 actis
636 2935 956 2988 aecumenicae
991 2941 1182 2989 octava’.
1220 2935 1426 3008 synodi,
1461 2953 1574 3006 qnae
1607 2936 1704 3006 fuit
1744 2935 2039 2993 Constanti·

157 3028 453 3098 nopolitana
498 3038 724 3105 quarta,
772 3034 900 3086 αηηὶ
947 3031 1072 3085 869.
1111 3066 1186 3071 -
1224 3033 1555 3106 Approbaxit
1612 3034 1854 3106 synodus
1902 3035 2040 3107 epis-

162 3121 329 3175 tolam
384 3124 449 3178 ad
489 3125 775 3182 Nicolaum
818 3129 842 3188 l
887 3129 1176 3190 directam,
1226 3130 1603 3185 continentem
1666 3132 1831 3185 verba
1879 3132 2030 3184 haee:

164 3237 191 3269 «
219 3217 373 3272 Petro
405 3238 662 3293 supremo
703 3226 1167 3298 sanctissimoque
1205 3228 1594 3300 Apostolorum
1635 3228 1827 3282 vertici
1860 3226 1994 3281 dixit
2025 3250 2035 3280 ε

166 3314 234 3369 Tu
261 3334 314 3369 es
338 3315 542 3386 Petrus,
561 3323 689 3387 etc„
718 3322 1194 3393 hujusmodienim
1214 3326 1403 3380 beatas
1426 3343 1583 3379 voees
1607 3342 1715 3376 non
1749 3324 1847 3378 soli
1869 3324 2041 3397 Apos-

159 3400 662 3487 tolorumprincipi
688 3415 898 3487 privata
932 3419 1180 3490 quadam
1206 3427 1354 3474 sorte
1382 3419 1605 3491 scripsit
1631 3426 1679 3474 et
1710 3419 2034 3493 assignavit,

156 3506 245 3560 sed
282 3526 378 3580 per
421 3510 587 3580 ipsum
631 3510 702 3565 ad
749 3528 925 3567 omnes
962 3521 1076 3586 post
1117 3514 1263 3568 illum
1308 3514 1590 3585 Pontifices
1624 3519 1814 3571 veteris
1859 3517 2032 3574 Romae

154 3606 464 3660 transmisit.
508 3612 633 3679 Πρὸς
685 3614 860 3673 πάντας
916 3631 1021 3673 τους
1064 3609 1169 3664 κατ’
1219 3615 1297 3664 {ze
1301 3619 1372 3665 ἴεν
1378 3634 1399 3664 2
1446 3614 1666 3683 ἱ;ράργκς
1718 3621 1939 3687 πρεσὸυτε
1930 3620 2029 3688 ’ρας

157 3698 295 3769 Ρὼυ·
287 3724 343 3769 ης
364 3725 454 3775 παρ
462 3707 640 3774 ἐπεμὺε
657 3724 683 3755 ι)
712 3704 958 3778 (Actione.
980 3705 1056 3770 5)
1101 3706 1428 3761 Persuasum
1462 3707 1632 3779 igitur
1648 3710 1774 3766 huic
1794 3713 2024 3786 synodo,
