2320 4010
298 176 388 223 504
981 167 1272 214 TRACTATUS
1300 168 1366 214 DE
1397 168 1540 216 PAPA.

377 303 405 336 «
435 281 493 338 6⁰
515 280 580 334 Et
606 285 669 334 ut
691 276 844 333 istud
873 280 1061 352 pateat
1087 275 1298 349 (nempe
1323 275 1642 332 Cardinales
1669 277 1946 333 adversari
1969 279 2208 352 concilio)

303 400 331 432 «
362 375 805 445 evidentissime,
832 373 1105 431 advertite
1129 372 1371 464 quqaliter
1397 373 1506 430 iste
1526 380 1688 448 pater
1712 374 2211 434 reverendissimus

301 497 329 528 «
355 473 668 530 Cardinalis
693 473 1049 530 Florentinus
1083 472 1413 547 (Zarabe-Ila)
1449 471 1710 529 cedulam
1753 486 1925 545 quam
1957 474 2211 532 nationes
2294 515 2295 518 =

301 595 328 627 «
358 574 830 630 concordaverant.
872 572 931 627 in
967 571 1220 628 sessione
1251 590 1376 644 quae
1407 571 1554 627 sacta
1581 571 1690 628 fuit
1721 571 2034 645 penultima
2069 590 2213 628 mar·
2266 591 2298 684 ³ss

299 694 326 726 «
357 672 445 745 tii,
460 690 691 743 suorum
709 672 890 728 fretus
910 669 1148 726 consilio
1168 670 1451 726 sociorum
1468 675 1522 726 et
1540 670 1847 740 fautorum,
1865 671 2212 729 detruncavit

299 792 326 823 «
356 775 409 826 et
434 764 767 841 decurtavit,
799 769 1118 826 deludendo
1150 789 1213 825 ac
1235 769 1632 844 vilipendendo
1665 770 1809 824 hanc
1845 787 2063 824 sacram
2087 787 2212 825 con-

299 891 326 922 «
359 869 764 942 gregationem3
796 868 853 922 in
892 886 1003 941 qua
1035 867 1169 923 talia
1198 872 1606 940 praesumentes
1642 884 1753 920 non
1793 872 1926 922 sunt
1967 865 2119 938 digni
2153 874 2212 925 ut
2270 899 2271 902 =

301 966 561 1022 «amodo
617 966 1048 1022 admittantur»
1098 965 1500 1037 (Conciliorum
1545 964 1721 1019 Mansi
1784 970 1934 1020 tomo
1990 965 2211 1037 XXVHt,
2274 1036 2279 1048 ⁸

295 1063 402 1120 col.
435 1063 543 1119 912
577 1070 630 1119 et
655 1063 789 1132 915,
824 1063 957 1119 edit.
985 1062 1252 1130 Venetiis,
1291 1061 1486 1134 1785).

369 1160 449 1215 Ibi
488 1160 700 1232 pariter
726 1160 882 1214 vides
920 1160 1225 1214 formulam
1255 1159 1312 1213 in
1345 1159 1597 1214 sessione
1632 1166 1829 1232 quarta
1863 1162 2088 1230 lectam,
2131 1180 2215 1218 re-

294 1256 463 1312 lative
504 1255 572 1309 ad
620 1256 790 1310 aliam
819 1273 940 1328 quae
978 1256 1035 1308 in
1069 1256 1317 1310 sessione
1363 1255 1559 1326 quinta
1602 1256 1885 1327 publicata
1924 1259 2052 1330 fuit,
2099 1279 2213 1315 non

291 1353 547 1409 eamdem
579 1352 778 1423 fuisse,
814 1353 910 1409 sed
944 1353 1318 1409 decurtatam.

369 1452 754 1507 Doemnentum
778 1452 874 1508 III.
903 1453 1054 1506 —ln
1079 1459 1297 1525 regesto
1328 1453 1510 1508 Romae
1541 1453 1834 1522 existente,
1872 1472 1932 1510 ac
1958 1463 2210 1531 tempore

293 1551 514 1607 concilii
573 1552 1013 1609 Constantiensis
1070 1552 1308 1627 scriptO,
1369 1553 1449 1608 sic
1496 1559 1793 1608 enarratur
1846 1551 1912 1607 de
1964 1555 2208 1612 sessione

291 1657 516 1723 quarta,
553 1652 625 1707 50
666 1651 854 1708 martii
889 1652 1035 1707 ‘1418
1067 1652 1350 1707 celebrata
1385 1675 1394 1705 z
1437 1652 1676 1724 «Magna
1717 1652 2055 1707 concertatio
2096 1660 2209 1708 tam

295 1773 322 1802 «
352 1750 499 1807 inter
533 1750 855 1806 Cardinales
886 1770 1056 1823 quam
1095 1751 1352 1807 nationes
1379 1750 1485 1807 fuit
1522 1751 1590 1807 oh
1624 1750 1871 1825 capitula
1897 1749 2207 1805 statuenda.

294 1867 322 1898 «
351 1847 467 1902 lmo
502 1847 820 1903 Cardinales
846 1848 1125 1904 Cardinali
1155 1848 1469 1904 Florentino
1508 1847 1792 1902 Zarabella
1824 1846 2211 1902 difficultatem

297 1947 610 2003 «fecerunt
650 1948 909 2003 veniendi
950 1949 1018 2002 ad
1062 1948 1368 2004 sessionem
1403 1952 1686 2022 quartam,
1729 1946 1983 2001 nolentes
2031 1947 2214 2002 decre-

298 2066 325 2098 «
352 2051 543 2101 torum
572 2047 641 2101 ah
677 2046 815 2121 ipsis
845 2047 1328 2121 impugnatorum,
1365 2053 1557 2121 utpote
1586 2048 1790 2119 dejure
1815 2065 1914 2100 non
1949 2063 2210 2114 verorum,

297 2164 324 2193 «
351 2143 794 2216 promulgationi
837 2144 1129 2209 interesse;
1177 2144 1415 2217 ideoque
1456 2163 1644 2217 regem
1684 2144 2069 2198 Romanorum
2130 2142 2215 2197 die

297 2262 323 2290 «
357 2241 427 2296 ‘29
457 2241 646 2296 martii
679 2241 822 2315 apud
856 2242 1110 2297 nationes
1141 2242 1454 2316 plurimum
1488 2243 1797 2312 laborasse,
1842 2246 1905 2296 ut
1937 2241 2158 2297 decreta
2190 2261 2218 2298 a

297 2361 323 2391 «
354 2340 747 2396 Cardinalihus
787 2341 1118 2415 impugnata
1169 2342 1600 2410 omitterentur3
1668 2340 1986 2397 obtinuisse
2029 2347 2216 2397 tamen

295 2463 322 2491 «
353 2440 421 2495 ah
454 2440 532 2495 eis
563 2442 710 2513 quod
742 2441 917 2497 sessio
948 2461 1131 2514 usque
1164 2442 1230 2496 ad
1271 2443 1465 2497 horam
1495 2441 1770 2497 decimam
1795 2447 2214 2515 prorogaretur,

295 2560 322 2590 «
353 2545 404 2594 et
441 2539 496 2593 in
544 2539 856 2595 crastinum
882 2559 1066 2614 usque
1105 2541 1172 2595 ad
1202 2540 1357 2595 illam
1400 2542 1593 2596 horam
1628 2540 1878 2597 viderent
1914 2540 1961 2595 si
1994 2545 2219 2614 possent

297 2660 325 2691 «
360 2639 428 2694 ad
460 2639 699 2696 invicem
744 2641 1130 2696 concordare»
1163 2642 1429 2705 (Concilio
1463 2642 1784 2710 Germaniae,
1836 2647 1875 2695 t.
1918 2641 1978 2709 V,
2024 2659 2079 2713 p.
2125 2639 2216 2710 45,

293 2738 429 2793 edit.
459 2738 717 2814 Coloniae,
750 2741 943 2813 1765).

2267 1087 2301 1316 ὁ

369 2835 613 2892 Aliunde
659 2839 739 2893 sic
779 2839 1019 2895 hahetur
1060 2841 1115 2895 in
1154 2841 1540 2914 manuscripto
1584 2839 1772 2894 codice
1803 2857 1970 2911 quem
2016 2838 2219 2911 allegat
2278 2883 2283 2886 -

292 2933 640 2991 Chelstratus
674 2958 683 2989 :
725 2937 876 2993 «Die
927 2939 1164 3009 sabbati,
1202 2938 1517 3013 penultima
1556 2938 1771 2995 mensis
1823 2938 2038 3006 martii,
2083 2940 2217 2993 hora

298 3055 325 3083 «
357 3034 591 3108 septima
621 3041 747 3091 ante
764 3036 1083 3106 meridiem,
1108 3038 1574 3094 convenientibus
1597 3038 1655 3092 in
1679 3037 1885 3112 palatio
1913 3037 2215 3113 episcopali

299 3152 324 3181 «
357 3130 769 3189 Constantiensi
792 3133 1020 3190 domino
1053 3153 1182 3208 rege
1206 3135 1618 3205 Romanorum,
1638 3135 1883 3190 dominis
1909 3134 2216 3191 Cardinali-

296 3251 323 3280 «
356 3230 554 3300 buS,et
582 3230 932 3300 nationibuS,
952 3232 1055 3288 fuit
1082 3233 1396 3307 plurimum
1428 3251 1599 3307 super
1618 3233 1994 3308 infrascriptis
2014 3239 2067 3289 et
2089 3231 2214 3288 aliis

296 3351 323 3381 «
354 3330 616 3405 capitulis
637 3331 996 3388 altercatum.
1012 3377 1020 3386 .
1037 3375 1048 3387 .
1067 3333 1219 3389 Tunc
1233 3333 1498 3388 dominus
1518 3350 1614 3389 rex
1637 3332 1844 3388 iterum
1867 3332 1935 3388 ad
1959 3330 2214 3386 dominos

295 3452 322 3481 «
353 3429 672 3487 Cardinales
699 3431 989 3506 ingressus
1029 3438 1113 3488 est
1144 3455 1153 3486 :
1198 3439 1252 3488 et
1288 3432 1477 3489 habito
1507 3452 1637 3489 cum
1678 3432 1759 3488 eis
1789 3431 2015 3505 aliquali
2051 3429 2214 3485 collo-

296 3549 322 3576 «
354 3527 507 3600 quio,
548 3528 763 3585 domini
806 3531 987 3612 sancti
1030 3531 1197 3587 Marci
1241 3538 1294 3587 et
1332 3531 1691 3600 Florentinus
1733 3529 2051 3586 Cardinales
2083 3544 2212 3582 cum

299 3625 476 3698 «ipso
536 3645 667 3702 rege
710 3635 976 3686 exeuntes
1034 3629 1274 3704 primam
1327 3630 1602 3704 capellam
1642 3627 1900 3684 Ecclesiae
1945 3625 2212 3680 Constan—
