2410 4114
289 273 347 319 28
963 269 1260 316 TRACTATUS
1293 270 1356 315 DE
1389 269 1532 316 PAPA.

287 379 570 456 Cypriani,
601 381 698 437 sed
729 387 812 437 est
843 377 1260 452 quodammodo
1293 378 1351 434 in
1387 379 1497 435 alio
1517 397 1748 454 gencre3
1772 400 1905 438 nam
1935 383 2211 438 differunt

286 487 348 537 ut
367 487 549 537 totum
569 487 621 536 et
638 498 789 554 parS.
809 478 927 534 Non
951 479 1135 534 solum
1152 479 1304 535 enim
1325 481 1516 536 Petrus
1537 486 1656 537 erat
1671 479 1977 557 Episcopus
1997 482 2211 552 Romae,

287 585 351 635 ut
377 578 685 652 Cyprianus
705 575 1079 652 Carthaginis,
1110 578 1207 634 sed
1225 578 1396 635 etiam
1423 586 1542 635 erat
1568 579 1764 636 Petrus
1782 579 2035 635 Pontifex
2061 580 2215 636 orbis

291 682 452 731 terrae
482 675 682 746 totius,
707 669 840 731 cum
872 682 1095 732 tantum
1130 676 1307 751 partis
1334 676 1509 733 unius
1545 684 1693 735 esset
1717 677 1967 733 Pontifex
1993 675 2217 751 Cypria-

294 791 405 829 nus
435 795 463 828 »
497 774 588 850 (De
614 775 868 831 Romano
894 775 1177 845 Pontifice,
1207 776 1247 830 l.
1283 775 1326 843 Ι,
1359 795 1484 851 cap.
1518 775 1639 848 25).
1661 777 1814 831 —In
1844 776 2061 831 Psalmo
2096 793 2217 829 con-

293 880 380 927 tra
429 879 634 944 partem
674 871 894 941 Donati,
929 873 997 929 de
1043 874 1180 930 Sede
1225 875 1478 931 Romana
1525 874 1664 930 dicit
1714 874 1770 931 S.
1807 873 2160 946 Augustinus
2203 895 2214 927 ε

295 990 327 1022 «
357 970 480 1026 Haec
506 976 589 1026 est
606 977 764 1045 petra
788 990 959 1044 quam
983 991 1098 1029 non
1117 973 1349 1030 vincunt
1372 974 1631 1049 superbae
1651 972 1963 1028 inferorum
1982 978 2216 1046 portae.»

374 1066 429 1124 S.
467 1069 568 1123 Leo
601 1070 823 1125 MAGNUS.
859 1105 932 1112 --
975 1072 1208 1146 «Hujus
1241 1072 1498 1128 muneris
1539 1077 1962 1127 sacramentum
1998 1069 2076 1125 ita
2121 1069 2220 1123 Do-

301 1165 493 1223 minus
528 1168 598 1223 ad
632 1170 889 1225 omnium
924 1171 1320 1245 Apostolorum
1349 1171 1601 1226 officium
1625 1170 1907 1245 pertinere
1925 1167 2126 1236 voluit,
2157 1174 2221 1223 ut

300 1265 359 1321 in
389 1265 717 1324 beatissimo
761 1270 918 1326 Petro
948 1270 1347 1345 Apostolorum
1387 1270 1646 1326 omnium
1681 1288 1907 1326 summo
1935 1267 2221 1342 principa-

297 1365 427 1421 liter
458 1366 776 1433 collocarit3
818 1376 881 1425 ut
917 1369 985 1424 ab
1024 1369 1146 1444 ipso
1195 1370 1358 1442 quasi
1408 1370 1655 1443 quodam
1697 1369 1881 1443 capite
1925 1368 2070 1423 dona
2119 1385 2221 1422 sua

291 1463 526 1518 velutin
559 1483 762 1538 corpus
793 1466 1169 1531 diffunderet3
1226 1474 1288 1522 ut
1333 1474 1611 1522 exsortem
1651 1484 1710 1522 se
1755 1465 2010 1538 mysterii
2060 1463 2223 1518 intel-

294 1559 491 1631 ligeret
518 1578 641 1615 esse
676 1560 875 1629 divini,
929 1562 1027 1634 qui
1064 1581 1236 1618 ausus
1279 1563 1479 1618 fuisset
1506 1581 1535 1617 a
1561 1562 1708 1618 Petri
1747 1561 2032 1617 soliditate
2073 1578 2222 1616 rece—

294 1657 476 1713 dere»
532 1660 726 1733 (Epist.
772 1660 813 1713 X
859 1659 926 1715 ad
974 1660 1273 1735 Episcopos
1322 1679 1422 1735 per
1457 1661 1827 1716 Viennensem
1871 1659 2221 1734 provinciam

298 1758 686 1822 constitutos).
1624 1756 1626 1759 ’

386 1874 413 1904 «
448 1853 599 1909 Inter
624 1855 984 1911 beatissimos
1018 1857 1310 1930 Apostolos
1352 1856 1410 1911 in
1441 1855 1817 1912 similitudine
1846 1855 2075 1911 honoris
2120 1854 2227 1910 suit

308 1952 566 2023 quaedam
595 1953 856 2010 discretio
873 1956 1167 2029 potestatis
1191 1981 1199 2022 ς
1222 1963 1274 2012 at
1297 1975 1425 2011 cum
1444 1957 1701 2012 omnium
1721 1975 1822 2029 par
1842 1962 1987 2011 esset
2003 1953 2223 2022 electio,

307 2050 410 2105 uni
435 2057 626 2107 tamen
658 2053 851 2109 datum
887 2060 968 2110 est
999 2059 1060 2109 ut
1087 2055 1302 2110 caeteris
1323 2055 1764 2129 praeemineret»
1797 2055 1914 2128 (Ep.
1942 2054 2051 2124 Xll,
2088 2053 2228 2108 alias

306 2149 400 2220 84,
435 2150 503 2204 ad
535 2151 776 2222 Anast.).
2150 2149 2153 2151 ⁵

386 2273 412 2303 «
445 2250 518 2307 De
547 2258 661 2308 toto
685 2253 898 2309 mundo
931 2272 1080 2309 unus
1117 2253 1346 2327 eligitur
1378 2253 1594 2326 PetrUS,
1627 2252 1726 2325 qui
1753 2258 1805 2308 et
1831 2251 2229 2307 universarum

300 2350 559 2423 gentium
587 2352 889 2421 vocationi,
924 2359 976 2408 ct
1000 2353 1265 2408 omnibus
1294 2352 1574 2426 Apostolis
1618 2350 1952 2423 cunctisque
1979 2349 2234 2405 Ecclesia}

307 2448 565 2523 patribus
595 2458 989 2525 praeponatur3
1022 2458 1083 2507 ut
1109 2451 1367 2524 quamvis
1397 2450 1456 2505 in
1486 2451 1695 2525 populo
1719 2449 1809 2504 Dei
1853 2448 2020 2503 multi
2047 2465 2232 2504 sacer-

306 2547 464 2602 dotes
519 2548 631 2604 sint
679 2549 961 2621 multique
1004 2557 1279 2623 pastoreS,
1321 2567 1518 2604 omnes
1563 2555 1755 2604 tamen
1801 2545 2029 2621 proprie
2077 2551 2235 2618 regat

308 2644 528 2716 PetrUS,
574 2664 715 2719 quos
762 2647 1152 2721 principaliter
1192 2647 1336 2721 regit
1371 2654 1424 2703 et
1463 2646 1720 2702 Christus
1762 2668 1788 2698 »
1827 2645 2026 2718 (Serm.
2064 2643 2120 2711 5,
2167 2642 2235 2697 de

313 2742 711 2817 Assumptione
750 2764 852 2801 sua
886 2746 955 2801 ad
985 2746 1426 2820 Pontificatum).
1465 2778 1534 2786 —
1565 2767 1593 2797 «
1628 2746 1822 2816 Magna
1865 2741 2234 2816 dispositione

315 2840 605 2913 provisum
638 2832 725 2897 est
769 2860 839 2897 ne
879 2861 1075 2898 omnes
1119 2844 1227 2899 sibi
1265 2844 1458 2899 omnia
1496 2842 1878 2908 vindicarent,
1911 2839 2006 2895 sed
2048 2845 2234 2895 essent

304 2937 377 2994 ..in
404 2938 644 3011 singulis
666 2939 968 3012 provinciis
1000 2940 1231 3013 singuli,
1255 2959 1499 3013 quorum
1527 2940 1674 2995 inter
1701 2938 1904 2995 fratres
1933 2939 2238 2994 haberetur

324 3037 511 3111 prima
561 3038 872 3094 sententia:
926 3045 980 3094 et
1023 3057 1226 3094 rursus
1265 3039 1498 3112 quidam
1533 3038 1592 3093 in
1635 3038 1948 3111 majoribus
1994 3035 2237 3092 urbibus

327 3136 619 3193 constituti
662 3136 1103 3192 sollicitudinem
1148 3137 1499 3210 susciperent
1551 3137 1915 3212 ampliorem;
1963 3153 2061 3210 per
2102 3153 2244 3207 quos

329 3235 398 3291 ad
418 3254 591 3291 unam
622 3236 768 3292 Petri
801 3236 991 3292 sedem
1023 3236 1362 3292 universalis
1389 3236 1648 3292 Ecclesiae
1670 3255 1808 3291 cura
1839 3235 2168 3304 conflueret,
2193 3238 2246 3288 ct

330 3334 474 3388 nihil
492 3354 743 3409 unquam
773 3354 803 3391 a
824 3354 925 3391 suo
952 3336 1136 3410 capite
1166 3335 1509 3391 dissideret»
1557 3334 1819 3408 (Epistola
1841 3334 1934 3405 84,
1976 3333 2046 3388 ad
2070 3332 2246 3386 Anas-

330 3433 563 3502 tasium,
588 3434 647 3488 in
674 3433 829 3508 fine).

409 3569 464 3624 S.
507 3572 748 3630 Pnosmm.
799 3610 865 3618 -
914 3609 932 3635 «
961 3591 1096 3637 Sedes
1118 3591 1259 3636 Roma
1278 3590 1415 3643 Petri,
1441 3603 1543 3650 quae
1568 3586 1809 3648 pastoralis
1834 3582 2020 3629 honoris

914 3667 1046 3712 Facta
1065 3673 1199 3726 caput
1221 3666 1412 3721 mundo,
1436 3663 1655 3725 quidquid
1675 3674 1766 3706 non
1789 3658 1985 3717 possidet
2007 3657 2144 3703 armis

913 3742 1140 3799 Religione
1165 3747 1304 3785 tenet.
1330 3745 1348 3782 i»
1391 3740 1535 3799 (Libro
1562 3739 1618 3783 de
1639 3735 1780 3794 lngr.)
