2320 4010
289 192 381 238 202
963 181 1262 228 TRACTATUS
1292 181 1357 246 DE
1371 183 1534 230 ῬΑΡΑ.

285 296 530 353 breviter
572 292 907 365 praesentem
941 286 1416 362 disceptationem
1442 290 1836 348 concludimus
1874 292 2202 351 :Romanus

284 392 538 450 Pontifex
566 385 816 444 succedit
851 386 1010 442 Petro
1047 385 1107 441 in
1133 387 1384 461 primatu
1409 408 1420 441 z
1450 388 1801 464 quicumque
1835 391 2084 448 succedit
2110 391 2205 450 Pe-

284 497 370 546 tro
413 488 498 567 in·
512 485 759 559 primatu
792 529 807 556 ‚
855 484 1058 560 accipit
1109 484 1416 559 primatum
1461 505 1494 544 a
1538 487 1750 544 Christo
1796 509 1813 541 .-
1859 487 2204 563 quicumque

276 583 478 658 accipit
508 583 822 658 primatum
854 602 886 638 a
909 584 1141 655 ChristO,
1162 583 1327 640 illum
1362 586 1528 642 hahet
1548 587 1672 660 jure
1701 587 1876 642 divino
1905 608 1921 639 .-
1948 604 2078 662 crgo
2097 588 2203 645 Ro-

280 702 486 740 manus
514 683 769 740 Pontifex
803 686 926 757 jure
966 685 1138 740 divino
1167 684 1483 758 primatum
1511 685 1722 744 obtinet
1754 707 1765 739 :
1799 704 1931 759 ergo
1964 693 2048 743 est
2075 705 2203 744 suc-

280 801 467 840 cessor
492 783 636 840 Petri
665 783 723 839 in
754 783 1003 858 primatu
1031 801 1098 839 ea:
1121 786 1244 856 jure
1278 785 1475 840 divino,
1547 808 1549 810 ·

334 1087 358 1139 g
387 1086 425 1126 2.
453 1110 501 1118 -
529 1088 735 1129 Romanos
764 1087 989 1129 Pontifices
1015 1088 1061 1128 in
1085 1089 1279 1141 primatu
1304 1087 1564 1130 auctoritatis
1590 1093 1736 1129 sancto
1764 1089 1888 1146 Petro
1910 1087 2143 1136 succedere,

965 1168 1029 1206 est
1057 1165 1308 1217 simpliciter
1334 1166 1383 1206 de
1407 1165 1507 1215 side.

338 1348 477 1403 Nam
495 1348 635 1404 illud
661 1349 726 1403 de
749 1349 853 1421 sicle
879 1355 964 1404 est
990 1351 1143 1422 quod
1169 1349 1421 1406 Ecclesia
1448 1350 1686 1407 definire
1712 1350 1894 1425 potuit
1914 1366 1976 1405 ac
2002 1366 2194 1405 revera

264 1446 534 1503 definivit.
574 1447 769 1521 Atqui,

343 1556 397 1611 ‘1⁰
423 1557 662 1614 Erclesia
693 1559 915 1630 definire
948 1560 1123 1631 potuit
1152 1558 1446 1615 Romanos
1495 1558 1790 1615 Pontifices
1839 1558 1899 1612 in
1944 1557 2191 1633 primatu

261 1654 612 1711 auctoritatis
652 1661 843 1711 sancto
869 1656 1028 1711 Petro
1055 1674 1419 1713 successores
1442 1675 1586 1713 esse.
1626 1655 1923 1712 Enimvero
1945 1653 2189 1711 Ecclesia

252 1750 346 1824 jus
367 1753 535 1808 habet
554 1753 863 1808 definiendi
890 1753 1056 1808 fidem
1088 1760 1142 1809 et
1173 1754 1451 1826 quidquid
1479 1754 1548 1809 ad
1573 1755 1670 1810 sui
1707 1753 1887 1826 ipsius
1915 1753 2191 1810 constitu-

263 1848 475 1904 tionem
506 1850 771 1923 pcrtinct.
802 1851 941 1906 Hinc
960 1851 1007 1906 si
1027 1851 1238 1906 factum
1256 1851 1486 1925 aliquod
1507 1852 1671 1906 fidem
1705 1851 1942 1924 attingat
1974 1857 2073 1906 aut
2108 1851 2176 1906 ad

260 1944 519 2002 Ecclesiae
542 1947 1002 2004 constitutionem
1023 1948 1325 2023 pertineat,
1342 1954 1522 2024 potest
1539 1949 1786 2004 Ecclesia
1799 1949 2012 2003 factum
2030 1948 2185 2003 istud

259 2044 517 2115 definire,
543 2046 620 2102 ita
639 2055 702 2101 ut
721 2046 912 2103 fideles
936 2066 1131 2103 omnes
1151 2054 1452 2103 teneantur
1474 2047 1719 2102 firmiter
1739 2063 1802 2101 ac
1820 2045 2041 2101 sincere
2063 2063 2182 2101 cre-

256 2143 389 2200 dere
418 2144 565 2218 quod
593 2145 661 2201 de
713 2146 856 2202 facto
887 2146 986 2201 illo
1040 2147 1342 2203 definierit.
1384 2147 1506 2201 Jam
1552 2163 1683 2201 vero
1737 2145 1886 2219 quod
1942 2144 2176 2199 Romani

255 2242 510 2318 Episcopi
553 2251 746 2301 sancto
792 2246 952 2302 Petro
1005 2245 1064 2300 in
1102 2246 1349 2320 primatu
1384 2244 1786 2315 successerint,
1830 2249 1912 2300 est
1943 2243 2170 2317 quidem

251 2340 463 2397 factum
492 2344 643 2415 quod
674 2361 786 2399 non
817 2344 1024 2416 legitur
1051 2344 1109 2399 in
1136 2344 1322 2401 Sacris
1349 2343 1675 2418 Scripturis‚
1707 2343 1822 2398 imo
1849 2341 1998 2416 quod
2027 2341 2172 2398 forte

251 2438 479 2496 initium
516 2442 713 2497 habuit
743 2461 809 2499 ex
840 2443 1089 2499 humano
1125 2444 1362 2500 arbitrio
1389 2444 1559 2511 Petri,
1588 2443 1870 2498 Romanos
1898 2440 2171 2515 praesules

250 2538 309 2594 in
335 2558 691 2597 successores
727 2541 1008 2614 eligentiS‚
1040 2560 1173 2598 cum
1221 2542 1502 2616 potuisset
1538 2541 1730 2598 forsan
1762 2540 1900 2596 alios
1939 2539 2170 2610 eligere.

248 2638 353 2694 Sed
385 2646 575 2696 tamen
603 2642 814 2696 factum
845 2641 998 2697 istud
1032 2641 1101 2697 ad
1134 2642 1617 2697 fundamentalem
1649 2638 1908 2695 Ecclesiae
1960 2636 2169 2693 consti-

246 2736 525 2792 tutionem
551 2738 825 2811 pertinet3
857 2739 1140 2812 siquidem
1173 2758 1240 2795 ex
1266 2739 1362 2794 illo
1389 2740 1532 2795 facto
1566 2737 1825 2810 sequitur
1848 2736 2167 2791 Romanum

245 2832 584 2907 Episcopum
627 2854 750 2891 csse
790 2837 959 2893 totius
995 2838 1253 2894 Ecclesiae
1285 2845 1475 2912 caput.
1520 2838 1660 2910 Ergo
1692 2835 1875 2911 potuit
1920 2832 2167 2890 Ecclesia

244 2931 457 2987 factum
482 2931 634 2987 istud
669 2932 928 3004 definire,
973 2940 1024 2989 et
1055 2936 1276 3008 exigere
1303 2941 1364 2991 ut
1390 2935 1632 2991 firmiter
1657 2935 1725 2990 ab
1749 2933 2015 2989 omnihus
2043 2947 2168 2987 cre-

242 3029 432 3084 datur.

317 3136 634 3194 ΞοῈεοΙεεὶα
655 3140 891 3212 desinivit
914 3140 1231 3196 Romanum
1255 3139 1596 3216 Episcopum
1625 3157 1749 3195 esse
1770 3156 2159 3195 successorem

231 3236 379 3294 Petri
401 3240 583 3312 quoad
615 3240 1058 3314 primatumseu
1113 3241 1295 3314 quoad
1330 3258 1652 3315 supremam
1690 3238 1864 3295 totius
1899 3238 2163 3295 Ecclesiae*

234 3339 493 3411 regendae
512 3346 864 3415 potestatem.
893 3328 1084 3397 Varias
1110 3342 1212 3397 hac
1238 3341 1307 3397 de
1330 3359 1391 3397 re
1411 3339 1767 3396 definitiones
1794 3356 1973 3413 supra
2001 3344 2158 3394 retu-

235 3434 431 3495 limus,
490 3441 839 3497 Attendenda
868 3439 1154 3515 imprimis
1194 3439 1416 3496 concilii
1457 3435 1797 3495 oecumenici
1852 3436 2155 3492 Florentini

237 3537 400 3592 verba
428 3562 437 3593 :
462 3540 772 3612 Definimus.
788 3586 822 3596 ..
846 3543 1015 3615 ipsum
1037 3540 1329 3596 Romanum
1345 3540 1654 3611 Pontificem
1669 3554 2154 3593 successorem-esse

239 3628 377 3686 beati·
403 3634 648 3709 Petri...,
670 3647 720 3695 et
741 3639 842 3712 ipsi
871 3639 927 3693 in
952 3639 1100 3694 beato
1127 3638 1288 3694 Petro
1317 3635 1593 3710 pascendi,
1625 3630 1836 3707 reqencli.
1870 3652 1930 3689 ac
1959 3634 2161 3706 ymber--
