2320 4010
869 217 1000 264 PARS
1027 217 1197 263 Pam.
1727 206 1736 217 '
1891 211 1983 257 195

99 343 285 383 versos
310 342 409 399 per
444 323 612 379 ltaliae
641 321 951 397 provincias
977 321 1309 378 constitutos
1345 318 1662 394 Episcopus,
1703 334 1814 391 qua
1854 317 1978 391 plu·

18 455 21 458 -
100 440 188 479 res
231 420 397 477 edicit
441 419 587 474 circa
635 417 990 491 disciplinam
1039 415 1472 472 ecclesiasticam
1510 414 1694 487 legcs;
1747 417 1801 470 et
1854 429 1976 468 eam

100 517 306 575 claudit
336 516 487 572 hisce
517 514 701 570 verbis
725 534 736 566 :
765 511 912 579 Quod
941 515 987 567 si
1029 515 1144 584 quis
1182 513 1415 584 fratrum
1441 520 1626 568 contra
1649 512 1758 567 haec
1784 513 1979 567 consti-

108 622 218 670 tuta
243 613 442 668 venerit
465 610 548 664 vel
578 610 755 664 venire
799 610 1100 677 tentaverit,
1128 615 1180 663 et
1222 609 1486 680 prohibita
1519 609 1682 680 suerit
1707 626 1865 664 ausus
1889 609 1983 664 ad-

107 713 331 778 mittere,
365 726 396 762 a
430 724 523 762 suo
547 723 603 761 se
636 706 840 760 noverit
881 705 1058 775 officio
1103 704 1524 771 submovendum,
1565 721 1659 759 nec
1699 723 1816 760 eum
1851 723 1987 761 com-

111 806 360 860 munionis
389 812 580 858 nostrae
603 803 838 873 futurum
865 817 978 854 esse
1013 807 1326 868 consortem,
1356 802 1440 871 qui
1471 801 1640 854 socius
1665 817 1778 854 esse
1816 801 1985 855 noluit

114 900 414 972 disciplinae.
443 899 520 956 Ne
558 899 678 970 quid
717 914 837 952 vero
874 898 943 950 sit
988 897 1126 968 quod
1164 898 1631 968 praetermissuma
1665 897 1808 950 nobis
1846 898 1986 967 forte

117 995 374 1063 credatur,
406 995 576 1048 omnia
617 990 901 1046 decretalia
941 992 1248 1057 constituta,
1285 997 1389 1044 tam
1421 991 1582 1044 beatae
1610 989 1988 1044 recordationis

114 1090 412 1153 Innocentii‚
437 1108 589 1162 quam
613 1090 840 1144 omnium
867 1105 1244 1160 praecessorum
1268 1094 1569 1142 nostrorum
1591 1104 1706 1159 quae
1737 1087 1801 1141 de
1829 1086 1990 1141 eccle-

114 1189 333 1243 siasticis
365 1186 769 1242 ordinationibus
810 1192 859 1238 et
886 1201 1139 1238 canonum
1167 1184 1410 1237 ordinata
1432 1190 1553 1237 sunt
1579 1183 1885 1254 disciplinis,
1912 1185 1989 1237 ita

118 1290 339 1337 vestram
363 1282 682 1335 dilectio-uem
725 1279 984 1333 custodire
1015 1279 1198 1332 debere
1222 1278 1551 1347 mandamus,
1574 1285 1630 1331 ut
1674 1279 1718 1331 si
1749 1280 1861 1348 quis
1898 1278 1992 1332 illa

124 1379 500 1448 contempserit,
553 1377 753 1429 veniam
784 1376 880 1428 sibi
914 1375 1149 1445 deinceps
1188 1375 1390 1427 noverit
1423 1373 1665 1441 deneqari
1700 1373 1991 1444 (Concilio-

126 1490 249 1526 rum
281 1472 454 1525 Labbc
477 1476 624 1524 tomo
653 1469 738 1537 ΙΙΙ,
778 1469 882 1523 col.
919 1468 1086 1535 1294,
1115 1467 1247 1522 edit.
1275 1467 1521 1536 Parisiis,
1551 1467 1743 1540 1671).

199 1568 344 1622 Idem
378 1573 600 1621 sanctus
631 1566 729 1621 Leo
755 1565 812 1619 in
843 1565 1041 1620 litteris
1085 1564 1200 1619 suis
1246 1565 1315 1620 ad
1358 1564 1642 1619 Julianum
1689 1565 2000 1637 Aquileien-

128 1681 242 1719 sem
271 1663 590 1736 Episcopum
624 1662 871 1716 :Dilectio
897 1669 985 1715 tua
1031 1662 1264 1731 injunqat
1322 1678 1499 1714 curam
1527 1679 1676 1715 suam
1702 1663 2000 1734 dispositio-

127 1759 270 1812 nibus
317 1758 508 1810 nostris
540 1764 589 1809 et
640 1756 723 1809 det
768 1772 982 1826 operam
1034 1762 1089 1808 ut
1130 1756 1495 1825 circumspecte
1551 1763 1704 1826 atque
1753 1757 1999 1812 velociter

126 1853 430 1924 impleantur
452 1868 565 1921 quae
610 1851 677 1904 ad
714 1852 870 1905 totius
890 1850 1138 1905 Ecclesiae
1165 1849 1573 1905 incolumitatem
1600 1860 1651 1905 et
1671 1852 2002 1909 laudabiliter

125 1946 318 2016 digesta
343 1953 527 1999 suntet
547 1945 824 1999 salu-briter
842 1946 1084 1999 ordinata
1108 1944 1295 2018 (ibid.,
1323 1945 1431 1999 col.
1461 1945 1652 2018 1296).

197 2043 343 2098 Idem
388 2048 612 2099 sanctus
662 2041 763 2097 Leo
800 2042 868 2097 ad
898 2043 1103 2097 Dorum
1138 2044 1584 2098 Beneventanum
1621 2043 1952 2119 Episcopum
1984 2069 1993 2101 :

127 2138 377 2193 Miramur
407 2147 474 2206 te,
509 2156 656 2209 quem
693 2140 1062 2193 auctoritatum
1085 2139 1400 2210 Apostolicae
1426 2123 1999 2198 Sedis-observantissi-

126 2253 262 2289 mum
312 2253 420 2288 esse
472 2244 796 2301 convenerat,
834 2243 937 2289 tam
980 2235 1317 2306 neqliqenter,
1376 2254 1437 2290 ac
1486 2240 1664 2308 potius
1720 2241 2001 2296 insolenter

132 2333 313 2397 eqisse,
351 2339 402 2382 ut
455 2331 760 2384 traditarum
794 2333 878 2384 tibi
929 2332 1094 2400 Ieyum
1142 2350 1241 2385 non
1288 2342 1478 2400 cust08‚
1518 2336 1610 2388 sed
1646 2343 1999 2408 transyressor

136 2426 450 2479 existeres..‘.
481 2425 603 2479 Sine
631 2427 1036 2480 dissimulatione
1071 2428 1179 2480 liaec
1223 2446 1336 2498 quae
1368 2431 1689 2487 decernimus
1725 2436 2003 2490 tradantur

136 2520 418 2590 effectui...
444 2519 810 2573 Executionem
841 2538 960 2574 vero
990 2524 1395 2595 praeceptionum
1438 2536 1734 2581 nostrarum
1758 2532 1915 2599 fratri
1954 2540 2005 2585 et

134 2620 427 2690 coepiscopo
454 2626 632 2671 nostro
653 2617 788 2672 Julio
811 2620 1121 2673 commisisse
1154 2638 1246 2674 nos
1283 2625 1486 2676 noveris
1511 2624 1698 2696 (ibid.‚
1722 2626 1830 2681 col.
1856 2627 1994 2683 1501

136 2720 187 2768 ct
215 2712 400 2780 1502).

210 2810 351 2864 {dem
402 2817 623 2864 sanctus
668 2809 769 2863 Leo
807 2809 875 2863 ad
905 2809 1186 2867 universos
1228 2831 1326 2887 per
1374 2814 1620 2871 Siciliam
1663 2818 1998 2895 Episcopos:

135 2905 275 2959 Hunc
294 2907 540 2976 praecepti
564 2906 726 2958 nostri
752 2905 975 2974 formam
995 2908 1129 2978 apud
1157 2909 1482 2965 dilectionem
1511 2921 1739 2969 vestram
1769 2919 2002 2973 volumus

136 3019 245 3054 esse
286 3010 585 3071 perpetuam
623 3022 638 3051 .·
679 3018 778 3071 qua
811 3003 920 3054 sine
964 3007 1263 3076 exceptione
1303 3007 1646 3077 decernimus,
1687 3020 1741 3065 ut
1784 3031 1846 3066 ne
1891 3017 2003 3083 quis

138 3098 418 3169 Episcopus
443 3099 504 3152 de
534 3099 777 3153 Ecclesiae
801 3116 910 3152 suae
942 3101 1090 3155 rebus
1138 3104 1329 3158 audeat
1362 3106 1635 3176 quidquam
1671 3108 1750 3161 vel
1785 3109 2002 3176 donare,

139 3192 219 3246 vel
248 3201 557 3246 commutare
585 3193 663 3248 vel
695 3194 934 3264 vendere,
986 3197 1083 3250 nisi
1131 3200 1339 3268 forte...
1374 3217 1485 3253 cum
1525 3202 1679 3253 totius
1717 3201 1841 3254 cleri
1875 3210 2007 3256 trac-

141 3295 249 3340 tatu.
277 3295 427 3357 atque
447 3305 692 3340 consensu
718 3288 768 3340 id
795 3289 970 3359 eliyat,
990 3292 1123 3362 quod
1156 3310 1258 3346 non
1282 3295 1349 3346 sit
1379 3294 1583 3346 dubium
1609 3293 1854 3348 Ecclesiae
1880 3315 2005 3369 pro-

138 3384 370 3452 futurum
415 3382 803 3452 (Conciliorum
857 3384 1032 3439 Labbe
1075 3392 1224 3441 tomo
1255 3388 1343 3456 ΙΙΙ,
1404 3387 1507 3442 col.
1546 3387 1690 3442 ‘1459
1741 3398 1791 3445 ct
1837 3393 2003 3462 1440,

138 3477 268 3532 edit.
316 3477 559 3546 Parisiis,
612 3478 799 3546 1671).

211 3575 342 3629 Item
369 3574 426 3629 in
458 3575 690 3647 epistola
744 3595 885 3630 um
917 3577 982 3631 ad
1030 3577 1351 3633 Dioscorum
1378 3578 1751 3636 patriarcham
1779 3585 2008 3641 Alexan-

372 3692 403 3721 1.
1718 3685 1771 3730 15
