2372 4108
386 309 477 357 118
839 268 842 272 ’
1057 297 1353 347 TRACTATUS
1385 298 1450 346 DE
1479 297 1623 346 PAPA.

385 417 585 474 audeat
629 412 908 470 ordinare.
949 406 1031 463 Ad
1074 407 1629 466 Thessalonicensem
1658 406 1900 482 majores
1941 391 2126 477 causae
2160 406 2303 464 refe-

380 519 582 570 rantur
608 507 952 566 Antistitem.
999 507 1190 583 Ipsum
1230 507 1411 583 major
1454 524 1590 563 cura
1625 511 1901 582 respectet
1930 523 2057 577 eOS,
2101 504 2200 580 qui
2233 504 2302 561 ad

375 610 758 684 episcopatum
809 612 1114 678 vocantur,
1166 607 1507 666 discutiendi
1559 605 1856 664 sollicitius
1900 611 1951 662 et
1997 603 2297 681 probandi.

374 707 497 782 Ipse
524 707 768 782 optimos
813 707 1326 782 solertissimosque
1356 709 1424 765 de
1449 713 1635 765 vestro
1662 725 1900 764 numero
1927 706 2118 779 eligat,
2163 722 2304 779 quos

375 807 613 881 negotiis
652 827 842 866 secum
872 808 1149 866 adsciscat
1182 809 1499 867 arbitros..
1543 808 1763 865 Noverit
1791 807 2114 865 Corinthius
2147 805 2301 888 Epis-

373 926 546 983 copus
571 908 679 965 sibi
706 908 992 965 licentiam
1030 909 1324 984 potestatis
1351 909 1544 966 liberae
1570 907 1805 964 minime
1829 906 2192 964 trihuendam
2210 949 2223 974 ,
2255 905 2302 961 si

370 1006 503 1062 huic
553 1008 794 1064 voluerit
836 1008 1093 1065 Ecclesiae
1146 1008 1668 1082 (Thessalonicensi)
1714 1007 2055 1065 resultare»
2131 1004 2300 1080 (apud

370 1106 639 1164 Coustant
666 1152 680 1179 ,
727 1108 982 1182 Epistola?
1014 1109 1368 1166 Romanorum
1396 1111 1749 1183 Pontificum,
1787 1107 1892 1163 col.
1930 1105 2107 1175 1265,
2160 1103 2294 1160 edit.

367 1206 615 1276 Parisiis,
656 1208 852 1281 1721).
905 1209 1022 1264 Nisi
1060 1209 1477 1283 jurisdictionis
1513 1209 1824 1285 primatum
1869 1208 1927 1263 in
1973 1205 2297 1263 universam

367 1305 669 1363 Ecclesiam
696 1307 803 1363 sihi
829 1308 1018 1364 Xistus
1044 1308 1415 1380 vindicasset,
1456 1329 1528 1366 an
1548 1354 1562 1381 ,
1595 1327 1811 1383 quaeso,
1852 1308 1932 1364 sic
1965 1307 2299 1381 imperasset

366 1410 446 1460 tot
485 1405 904 1479 provinciarum
942 1407 1230 1483 Episcopis
1260 1414 1312 1464 et
1342 1408 1783 1484 Metropolitanis
1805 1451 1820 1478 ,
1864 1413 1926 1464 ut
1969 1407 2168 1463 vicario
2197 1424 2297 1462 suo

366 1503 661 1560 subessent
682 1523 744 1560 ac
775 1506 1266 1578 obsequerentur?

442 1603 494 1658 5.
542 1603 602 1658 In
629 1603 835 1660 litteris
872 1605 991 1661 suis
1024 1606 1091 1661 ad
1124 1606 1299 1662 totius
1331 1606 1537 1681 Illyrici
1578 1606 1914 1682 EpiscopOS,
1941 1605 2018 1662 ita
2047 1605 2115 1662 de
2142 1604 2296 1680 judi-

365 1702 566 1758 candis
609 1704 967 1776 gravioribus
1012 1706 1199 1761 causis
1239 1706 1491 1762 decernit
1547 1728 1555 1758 :
1620 1727 1647 1758 «
1684 1706 1792 1762 Aut
1844 1705 1979 1775 illic,
2027 1705 2199 1761 fratre
2243 1710 2297 1761 et

365 1800 694 1875 coepiscopo
736 1807 932 1858 nostro
976 1802 1269 1858 Anastasio
1299 1803 1490 1876 judice
1513 1846 1527 1874 ,
1557 1803 1817 1859 eveniens
1861 1804 2147 1876 negotium
2185 1810 2296 1860 ter-

365 1898 639 1968 minetur,
676 1903 762 1974 qui
790 1903 927 1956 vices
951 1902 1268 1975 Apostolicae
1294 1902 1450 1959 Sedis
1477 1920 1705 1975 affere...
1725 1920 1791 1958 ex
1817 1909 2003 1958 nostra
2020 1903 2299 1959 voluntate

363 1998 756 2071 cognoscitur3
809 2005 904 2055 aut
939 2000 1008 2057 ad
1037 2019 1139 2056 nos
1161 2046 1174 2072 ,
1215 2001 1261 2056 si
1301 2001 1416 2056 illic
1451 2000 1604 2057 finiri
1632 2020 1747 2057 non
1783 2002 2031 2075 potuerit
2058 2026 2066 2068 3
2098 2002 2295 2058 eodem

364 2103 554 2153 tamen
577 2098 695 2154 suis
723 2098 927 2155 litteris
951 2119 1182 2156 causam
1211 2119 1435 2157 omnem
1474 2119 1598 2174 quae
1624 2100 1864 2156 vertitur
1892 2107 2288 2175 prosequente,

362 2198 549 2254 veniat
575 2217 830 2255 examen.
868 2222 894 2252 »
937 2199 1122 2272 (Ibid,
1153 2201 1259 2257 col.
1299 2200 1492 2273 1272.)
1525 2199 1795 2256 Ibietiam
1817 2199 1988 2257 habes
2015 2200 2295 2275 apertissi-

364 2317 522 2355 mum
548 2299 1025 2382 jurisdictionalis
1051 2300 1334 2376 primatus
1358 2300 1711 2357 exercitium.

437 2399 655 2456 SANCTUS
687 2401 787 2456 Leo
819 2401 1043 2476 MAGNUS,
1069 2407 1292 2458 creatus
1325 2400 1577 2458 Pontifex
1610 2419 1758 2457 anno
1792 2400 1926 2460 440.

437 2500 492 2556 1.
537 2500 597 2556 In
643 2501 846 2558 litteris
898 2502 1015 2558 suis
1054 2502 1122 2557 ad
1163 2501 1524 2558 Anastasium
1557 2501 2113 2559 Thessalonicensem
2143 2501 2291 2577 Epis·

357 2621 559 2677 copum
615 2623 626 2656 2
682 2603 896 2660 «Sicut
950 2623 1319 2679 praecessores
1369 2604 1481 2661 mei
1530 2603 1967 2680 praecessoribus
2018 2604 2163 2674 tuis,
2210 2603 2286 2659 ita

356 2699 527 2756 etiam
560 2719 659 2774 ego
695 2702 983 2758 dilectioni
1017 2710 1125 2759 tuae
1148 2749 1163 2775 ,
1198 2703 1455 2779 priorum
1489 2709 1714 2760 secutus
1740 2702 2060 2776 exemplum
2083 2745 2098 2772 ,
2136 2699 2283 2756 vices

360 2798 469 2852 mei
517 2801 922 2858 moderaminis
952 2802 1224 2876 delegavi3
1256 2809 1317 2859 ut
1343 2821 1543 2874 curam,
1566 2820 1724 2876 quam
1748 2802 2006 2858 universis
2035 2797 2286 2856 Ecclesiis

290 2902 293 2904 “
360 2898 734 2969 principaliter
777 2917 839 2954 eoe
872 2902 1053 2956 divina
1095 2904 1428 2958 institutione
1469 2903 1732 2971 debemuS,
1783 2901 2035 2957 imitator
2081 2903 2287 2956 nostrae

361 2996 817 3053 mansuetudinis
841 2998 1072 3054 effectus
1095 2999 1413 3072 adjuvareS,
1437 3006 1489 3055 et
1522 2999 1850 3072 longinquis
1873 3000 1942 3054 ab
1969 2997 2285 3072 Apostolica

360 3092 498 3151 Sede
528 3094 831 3171 provinciis
863 3096 1223 3171 praesentiam
1254 3096 1671 3170 quodammodo
1706 3101 1910 3151 nostrae
1944 3094 2284 3151 visitationis

358 3190 771 3268 impenderes»
825 3194 1225 3269 (Conciliorum
1249 3194 1427 3251 Labbe
1460 3201 1612 3251 tomo
1639 3194 1728 3263 Ill,
1784 3193 2086 3264 001.1582,
2143 3194 2279 3275 edit.

286 3352 293 3357 ,
354 3290 611 3363 Parisiis,
666 3293 860 3368 1671).
914 3317 940 3348 «
970 3293 1125 3351 Vices
1172 3294 1325 3351 enim
1375 3300 1600 3351 nostras
1655 3295 1731 3350 ita
1776 3301 1885 3352 tuae
1935 3295 2282 3352 credidimus

355 3382 597 3463 caritati,
626 3398 689 3449 ut
718 3392 779 3449 in
808 3383 1029 3469 partem
1064 3394 1142 3451 sis
1167 3400 1397 3452 vocatus
1423 3395 1848 3466 sollicitudiniS,
1883 3414 1997 3452 non
2026 3395 2083 3450 in
2109 3396 2280 3468 pleni-

356 3493 590 3548 tudinem
619 3497 897 3567 potestatis
934 3517 961 3548 »
1000 3495 1184 3568 (ibid.,
1217 3495 1322 3551 col.
1361 3495 1554 3568 1584).
1591 3494 1853 3560 «Quibus
1894 3492 2278 3568 (deEpiscopis

358 3589 603 3664 quuitur)
651 3595 757 3652 etsi
804 3596 1050 3671 dignitas
1098 3616 1214 3654 non
1259 3597 1330 3655 sit
1378 3596 1735 3664 communis,
1787 3599 1871 3650 cst
1910 3599 2101 3650 tamen
2139 3595 2276 3651 ordo

360 3691 653 3756 generalis.
685 3693 961 3758 Quoniam
981 3702 1035 3753 et
1057 3696 1205 3754 inter
1220 3696 1577 3754 beatissimos
1610 3691 1898 3769 Apostolos
1924 3691 1982 3747 in
2007 3692 2277 3749 similitu-

362 3781 485 3838 dine
508 3785 726 3848 honoris
754 3794 857 3851 fuit
886 3794 1134 3869 quaedam
1162 3795 1412 3852 discretio
1439 3791 1714 3868 potestatis
1738 3815 1747 3860 ς
1789 3799 1841 3847 et
1877 3811 1996 3846 cum
2033 3791 2276 3847 omnium
