2320 4010
810 180 937 227 PARS
963 179 1199 228 SmDA.
1222 200 1230 209 ·
1865 178 1955 228 397

153 313 183 345 α
209 290 542 356 Quantocius
580 305 709 363 ergo
752 306 919 364 perge
956 307 988 346 a
1015 289 1222 347 finibus
1267 289 1339 347 ad
1374 291 1512 348 fines
1547 296 1733 360 terrae,
1763 289 1953 346 'donec

81 411 110 441 «ι
137 389 206 445 ad
223 387 578 462 apostolicam
591 385 876 460 pervenias
890 385 1109 455 Sedem,
1122 388 1209 443 ubi
1226 388 1640 444 orthodoxorum
1659 386 1956 455 domatum

82 507 110 538 α
138 486 479 558 fundamenta
516 485 766 540 existunt.
793 488 976 556 Μέχρις
1001 492 1058 540 ἂν
1083 489 1153 549 ὲις
1179 489 1259 542 τὸν
1278 489 1588 541 ἀποστολικόν
1622 490 1958 554 munimiae

84 603 110 633 α
138 587 322 654 θρόνον,
350 586 464 636 ἔνθα
486 589 579 651 τῷν
607 584 804 649 ἐυσεόᾦν
831 582 1078 649 δογμάτων
1110 584 1223 635 εἰσιν
1252 582 1302 634 αἱ
1331 585 1576 652 κρηπζδες.
1601 597 1631 633 ι

154 675 260 740 Qui
297 674 474 732 credit
506 673 940 730 orthodoxorum
969 673 1293 745 dogmatum
1331 674 1699 731 fundamenta
1727 672 1787 729 in
1821 672 1960 730 Sede

78 772 322 828 Romana
345 769 604 838 existere,
634 768 826 841 procul
857 767 1027 823 dubio
1059 785 1183 823 eam
1219 767 1410 823 sedem
1445 769 1611 825 hahet
1644 774 1702 824 et
1733 769 1959 842 profite-

79 869 257 924 turin
283 865 558 924 edocenda
585 863 692 920 fide
729 861 1102 919 infallibilem.
1146 863 1200 918 Si
1231 864 1383 918 enim
1422 863 1482 918 in
1517 864 1802 919 edicendis
1826 864 1961 936 dog-

78 963 296 1019 maticis
337 958 752 1016 definitionibus
785 975 974 1013 errare
1007 964 1213 1031 posset,
1247 959 1416 1014 stulte
1451 958 1773 1015 dicerentur
1797 959 1856 1013 in
1894 976 1959 1014 ea

80 1058 380 1116 consistere
409 1053 841 1111 orthodoxorum
878 1053 1212 1126 dogmatum*
1243 1053 1629 1110 fundamenta.

151 1156 439 1223 Praeterea‚
473 1169 575 1207 cur
605 1151 944 1225 Sophronius
970 1151 1038 1206 ad
1063 1151 1430 1226 principalem
1454 1158 1503 1207 et
1543 1151 1759 1207 cunetis
1783 1151 1962 1226 impe-

83 1259 292 1310 rantem
316 1250 621 1306 Romanam
651 1248 846 1303 Sedem
889 1249 1127 1311 recurrit
1161 1250 1230 1304 ad
1267 1249 1512 1304 sananda
1543 1248 1670 1304 fidei
1696 1248 1963 1304 vulnera?

84 1348 240 1418 Quia,
293 1347 474 1420 inquit
531 1344 707 1419 ipsius
751 1344 966 1416 legatus
1026 1344 1338 1418 Stephanus
1364 1388 1378 1413 ,
1432 1344 1685 1419 apprime
1734 1351 1964 1400 noverat

86 1444 235 1502 Petro
258 1443 616 1499 commissam
651 1438 915 1495 divinitus
957 1439 1132 1495 fuisse
1161 1458 1355 1495 curam
1390 1447 1443 1496 et
1476 1447 1806 1515 potestatem
1836 1458 1963 1495 oves

90 1557 273 1596 omnes
297 1537 579 1615 pascendi,
614 1514 666 1592 et
688 1534 1053 1590 confirmandi
1087 1536 1304 1593 fratres-
1334 1539 1399 1593 At
1428 1537 1537 1593 nisi
1562 1537 1793 1593 Romani
1821 1537 1962 1592 Pon-

91 1636 260 1692 tifices
278 1637 401 1692 divo
423 1637 579 1691 Petro
599 1630 776 1705 quoad
797 1631 1215 1699 infallibilitatis
1240 1635 1660 1708 praerogativam
1685 1651 1965 1690 successe·

92 1732 223 1802 rint,
242 1734 442 1789 absone
463 1750 527 1788 ex
549 1727 831 1804 privilegio
852 1729 995 1784 Petri
1018 1730 1446 1786 concluderetur
1467 1749 1637 1804 penes
1654 1731 1959 1786 Romanam

90 1828 277 1884 Sedem
311 1829 603 1885 consistere
634 1832 842 1881 certam
877 1834 1043 1882 rectae
1078 1827 1203 1882 fidei
1242 1828 1515 1899 regulam.
1546 1826 1668 1882 Fuit
1708 1844 1838 1898 ergo
1870 1827 1965 1882 So-

83 1924 304 1997 phronii
334 1932 387 1980 et
409 1922 670 1997 Stephani
695 1924 1007 1997 persuasio,
1038 1925 1193 1979 illam
1220 1925 1399 1998 ipsam
1421 1925 1578 1980 Petro
1601 1924 1960 1980 commissam

84 2026 404 2094 potestatem
426 2039 550 2077 oves
574 2039 769 2077 omnes
801 2030 947 2078 recte
975 2022 1237 2096 pascendi
1262 2029 1315 2078 et
1348 2023 1548 2078 fratres
1571 2022 1962 2090 confirmandi,

85 2133 146 2172 ac
169 2116 395 2190 proinde
419 2117 585 2172 etiam
619 2126 824 2174 rectam
857 2119 1022 2175 fidem
1051 2119 1424 2175 infallibiliter
1445 2119 1734 2188 edocendi,
1763 2118 1823 2173 in
1847 2137 1964 2174 om-

87 2229 182 2268 nes
205 2213 321 2285 ejus
347 2230 716 2282 successoreS,
744 2232 809 2270 ex
839 2215 1024 2271 divina
1052 2216 1437 2289 dispositione,
1469 2216 1810 2272 transfundi.

159 2308 431 2364 Pnorosmo
458 2310 603 2365 XVP.
620 2343 688 2351 —
706 2310 900 2367 Octavo
917 2312 1107 2366 saeculo
1127 2314 1354 2382 viguisse
1376 2313 1439 2367 de
1459 2312 1680 2367 Romani
1698 2306 1967 2382 Pontificis

94 2405 371 2462 inerrantia
388 2411 806 2482 persuasionem,
826 2418 1027 2463 constat
1056 2427 1120 2463 ex
1157 2409 1377 2467 Alcuino
1420 2418 1467 2463 et
1499 2409 1646 2462 libris
1681 2409 1963 2464 carolinis,

165 2499 250 2556 Sic
274 2502 431 2559 habet
459 2505 750 2574 Alcuinus,
777 2504 1008 2578 epistola
1034 2523 1169 2571 mx,
1195 2503 1264 2558 ad
1291 2503 1691 2575 Lugdunenses
1714 2502 1927 2558 directa
1951 2522 1962 2554 :

99 2615 125 2646 α
149 2593 312 2652 Nemo
330 2600 631 2656 catholicus
654 2607 841 2656 contra
869 2599 1124 2655 Ecclesiae
1147 2599 1605 2654 auctoritatem...
1635 2604 1846 2653 certare
1872 2616 1970 2653 au-

95 2709 122 2740 ι
149 2689 289 2748 deat.
313 2694 380 2749 Et
402 2713 466 2751 ne
488 2698 846 2752 schismaticus
874 2699 1166 2752 inveniatur
1190 2705 1239 2750 et
1264 2713 1366 2750 non
1386 2697 1689 2764 catholiam,
1721 2703 1969 2766 sequatur

93 2806 121 2839 α
145 2791 561 2860 probatissimam
598 2804 798 2850 sanctae
837 2794 1081 2849 Romanae
1124 2793 1376 2848 Ecclesiae
1421 2795 1786 2848 auctoritatem
1810 2814 1837 2845 »
1888 2793 1969 2863 (in

90 2883 408 2943 collectione
419 2889 738 2945 Latinorum
755 2891 1000 2958 Patrum,
1023 2889 1284 2945 editionis
1302 2889 1496 2961 Migne,
1516 2896 1557 2944 t.
1581 2888 1636 2942 C.
1652 2932 1665 2956 ‚
1687 2889 1792 2944 col.
1813 2887 1943 2956 295)
1957 2929 1969 2941 .

89 2978 142 3034 Si
179 2982 417 3054 quisque
448 2990 723 3053 teneatur,
763 3006 828 3042 ne
855 2990 1148 3042 inveniatur
1181 2988 1535 3042 schismaticus
1572 2993 1622 3039 et
1655 3003 1761 3039 non
1794 2984 1973 3036 catho-

93 3078 244 3147 Iicus,
264 3080 519 3134 Romanae
531 3081 783 3138 Ecclesiae
802 3084 1187 3139 auctoritatem
1215 3083 1396 3154 sequi,
1411 3081 1654 3154 profecto
1674 3077 1976 3133 auctoritas

98 3171 212 3224 haec
245 3173 435 3244 nequit
469 3190 693 3230 erronea
720 3177 974 3248 dogmata
1001 3179 1246 3233 edicere:
1275 3177 1665 3247 alioquinlnon
1694 3179 1978 3228 teneretur

97 3264 330 3338 quisque
350 3267 400 3321 ei
424 3268 823 3342 obtemperare.

171 3362 231 3417 ln
257 3363 401 3418 libris
427 3365 690 3421 Carolinis
730 3366 890 3434 (libro
924 3368 966 3435 1,
1003 3367 1181 3440 eapite
1216 3386 1287 3438 vi,
1319 3367 1378 3421 iu
1409 3366 1729 3423 collectione
1758 3366 1976 3422 Latino·

98 3476 226 3514 rum
253 3459 474 3515 Patrum
496 3461 754 3518 editionis
776 3462 969 3534 Migne,
998 3468 1038 3517 t.
1065 3462 1275 3530 XCVlll,
1302 3462 1408 3519 col.
1434 3463 1577 3519 1009
1607 3470 1659 3520 et
1687 3464 1830 3536 seq.)
1858 3463 1976 3520 haec

99 3563 391 3612 occurrunt
415 3579 427 3612 :
