2320 4010
295 172 381 219 546
963 167 1257 215 TRACTATUS
1289 168 1354 214 DE
1385 169 1530 216 PAPA.

297 296 324 327 «
362 272 600 348 perfusi,
633 270 702 327 ad
735 269 1040 344 lugubrem
1074 272 1220 328 hanc
1253 277 1449 328 contra
1493 291 1625 330 eum
1658 275 1999 334 sententiam
2026 295 2215 338 neces-

291 395 323 427 «
360 373 508 430 sario
560 370 841 430 venimus,
892 370 1070 444 Igitur
1104 371 1375 428 Dominus
1406 372 1626 443 Noster,
1662 380 1768 432 etc.
1816 396 1844 429 »
1885 376 2128 452 (actione
2165 381 2208 451 I,
2257 441 2266 449 ,

291 472 442 529 circa
469 471 762 542 mediu1n3
815 471 965 547 apud
1000 472 1206 543 Labbe,
1253 478 1404 529 tomo
1446 473 1537 546 ΙΙΙ,
1587 474 1695 531 col.
1731 475 1865 545 555,
1898 476 2032 535 edit.
2067 478 2221 536 Pari-

292 572 412 644 siis,
441 571 633 647 1671).
663 572 888 630 Coactos
917 591 979 629 se
1003 592 1099 648 per
1129 574 1398 631 Caelestini
1427 576 1706 650 epistolam
1733 575 2025 634 declarant
2047 578 2219 654 Ephe-

290 673 402 731 sini
429 673 617 730 Patres
645 675 713 730 ad
753 673 1240 749 pronuntiandam
1277 680 1471 732 contra
1490 675 1812 733 Nestorium
1842 677 2220 752 depositionis

293 773 655 829 sententiam.
678 772 1118 829 Graecehabetur
1147 795 1156 828 :
1184 779 1453 847 ἀναγκαίως
1484 781 2217 848 moewfflssvtsc„necessario

290 873 524 947 impulsi.
557 872 676 928 Non
705 878 966 947 poterant
1012 891 1069 929 sc
1116 880 1337 931 coactos
1366 874 1690 931 existimare
1719 876 1787 931 ad
1821 876 2217 950 deponendum

290 972 633 1045 Nestorium,
661 972 769 1028 nisi
800 973 973 1029 simul
1003 991 1060 1028 se
1089 981 1310 1031 coactos
1341 982 1712 1048 agnoscerent
1740 975 1808 1033 ad
1833 977 2217 1036 damnandum

293 1071 775 1148 ipsius-errorem
827 1073 1210 1147 dogmaticum
1240 1094 1251 1144 3
1294 1074 1575 1149 siquidem
1623 1075 1693 1131 ob
1749 1075 1912 1131 illum
1971 1095 2220 1135 errorem
2275 1135 2277 1137 ,

295 1191 426 1230 eum
467 1174 846 1247 deponebant.
893 1174 1035 1247 Ergo
1064 1173 1345 1232 Caelestini
1379 1176 1723 1232 sententiam
1763 1181 1961 1233 contra
1983 1177 2224 1235 Nestorii
2271 1212 2275 1214 -

295 1289 516 1327 errores
558 1271 954 1344 obligatoriam
1004 1277 1363 1345 reputarunt.
1417 1273 1577 1336 Quod.
1629 1279 1818 1329 autern
1857 1275 2085 1331 additur
2128 1297 2225 1351 per

296 1390 542 1440 ermoneS,
574 1371 630 1426 id
664 1371 864 1445 referri
900 1390 1013 1427 non
1045 1377 1227 1447 potest
1256 1372 1324 1429 ad
1357 1372 1744 1446 dogmaticum
1791 1390 2044 1431 errorem
2093 1375 2224 1434 Nes-

294 1471 429 1528 torii
457 1493 467 1542 ;
499 1472 630 1545 quia
682 1472 827 1528 nulli
871 1474 1167 1530 exstabant
1196 1473 1262 1531 de
1314 1475 1419 1530 hoc
1449 1492 1643 1530 errore
1682 1492 1961 1541 canones3
2009 1476 2106 1533 scd
2141 1496 2224 1534 re-

298 1572 476 1627 scrtur
503 1572 567 1626 ad
607 1572 1003 1629 necessitatem
1045 1571 1365 1648 deponendi
1395 1591 1490 1629 eos
1533 1572 1862 1648 Episcopos,
1900 1571 1996 1646 qui
2026 1573 2085 1628 in
2110 1575 2221 1630 hae-

297 1669 471 1724 resim
503 1669 646 1745 lapsi
692 1675 842 1726 sunt.
875 1670 1074 1726 Probat
1120 1688 1250 1744 crgo
1294 1670 1342 1726 is
1402 1670 1602 1746 synodi
1634 1669 1930 1745 Ephesinae
1963 1669 2227 1742 loquendi

297 1767 499 1822 modus
527 1767 917 1824 omnimodam
952 1768 1387 1842 persuasionem
1418 1769 1484 1824 de
1524 1767 1858 1824 necessitate
1900 1766 2223 1823 adhaerendi

299 1867 689 1924 decisionibus
729 1869 1062 1941 dogmaticis
1090 1869 1329 1925 Romani
1351 1869 1611 1944 Episcopi
1640 1894 1648 1936 ;
1680 1869 1756 1925 ita
1785 1874 1847 1924 ut
1876 1867 2215 1925 oecumenica

296 1967 467 2023 etiam
499 1968 740 2025 concilia
768 1988 864 2025 eas
900 1970 1061 2044 sequi
1099 1977 1266 2043 atque
1298 1969 1562 2045 amplecti
1593 1976 1916 2026 teneantur.

372 2069 426 2123 4⁰
470 2069 527 2124 In
562 2070 796 2144 epistola
832 2071 901 2126 ad
939 2071 1212 2127 Joanncm
1249 2071 1663 2127 Antiochcnum
1702 2070 1960 2143 aliosque
1987 2069 2226 2127 Orientis

292 2167 593 2243 Episcopos
628 2168 861 2240 directa,
904 2189 1011 2245 qua
1049 2170 1384 2227 Coelcstinus
1417 2169 1843 2244 pronuntiatam
1875 2188 1903 2225 a
1935 2187 1994 2225 se
2021 2173 2217 2223 contra

290 2253 613 2324 Nestorium
646 2269 987 2325 sententiam
1023 2269 1322 2342 significat,
1366 2269 1441 2325 ita
1474 2270 1713 2326 liabetur
1745 2290 1755 2322 :
1796 2291 1822 2322 «
1848 2269 1998 2324 llanc
2026 2269 2092 2325 de
2135 2285 2223 2323 eo-

296 2388 321 2416 «
357 2366 482 2422 dem
507 2368 761 2424 Nestorio
790 2368 930 2424 sciat
958 2368 1229 2424 sanctitas
1252 2373 1346 2423 tua
1378 2387 1407 2423 a
1435 2368 1620 2439 nobis,
1647 2367 1759 2424 imo
1790 2387 1819 2424 a
1845 2367 2063 2423 Christo
2093 2366 2218 2439 Dee,

293 2480 322 2513 «
351 2461 524 2517 latam
559 2482 680 2520 esse
709 2463 1051 2519 sententiam
1077 2469 1162 2534 ut,
1193 2469 1288 2520 aut
1330 2463 1477 2519 intra
1512 2463 1705 2519 decem
1733 2463 1852 2520 dies
1875 2481 1939 2518 cx
1971 2481 2081 2536 quo
2111 2459 2219 2536 pri-

292 2581 319 2614 «
355 2581 513 2618 mum
545 2564 794 2621 monitus
827 2564 998 2620 suerit
1035 2564 1419 2621 numerandos
1447 2564 1748 2638 sacrilegas
1778 2564 1845 2619 de
1875 2563 2076 2618 Christi
2115 2581 2214 2620 na-

292 2682 319 2713 «
355 2662 568 2720 tivitate
602 2665 1030 2738 przedicationcs
1057 2684 1188 2721 suas
1216 2666 1424 2739 scripta
1460 2664 1810 2721 confessione
1852 2662 2208 2734 condemnet,

291 2782 318 2813 «
351 2768 400 2817 et
434 2781 490 2818 se
517 2764 847 2837 profiteatur
871 2766 1039 2822 tidem
1072 2766 1234 2838 sequi
1267 2783 1438 2839 quam
1473 2764 1723 2819 Romana
1751 2766 1803 2817 et
1833 2761 2211 2817 Alexandrina

291 2880 319 2911 «
351 2865 403 2915 ct
430 2862 767 2920 universalis
793 2872 975 2921 servat
1003 2865 1272 2935 Ecclesia,
1301 2870 1396 2920 aut
1426 2864 1493 2919 ab
1512 2863 1917 2938 Episcoporum
1946 2869 2093 2919 coetu
2125 2879 2209 2918 rc-

291 2979 318 3011 «
352 2965 540 3016 motus
575 2961 853 3036 intelligat
895 2982 1057 3018 suam
1097 2963 1345 3019 obfuisse
1395 2961 1704 3038 perniciem
1737 2983 1764 3015 »
1793 2962 1965 3037 (apud
2006 2962 2204 3032 Labbe,

286 3062 438 3114 tomo
473 3059 564 3128 III,
595 3060 702 3115 col.
732 3061 864 3131 577,
903 3061 1039 3118 edit.
1068 3061 1319 3132 ParisiiS,
1351 3062 1545 3134 1671).
1582 3061 1667 3117 Sic
1698 3061 2001 3134 loquendo,
2028 3059 2224 3133 mani-⁶

283 3157 496 3213 festum
524 3177 658 3214 sane
690 3159 822 3215 facit
850 3160 1180 3216 Caelestinus
1211 3160 1602 3233 obligatoriam
1635 3179 1662 3215 a
1692 3178 1752 3216 se
1773 3159 2025 3233 reputari
2045 3177 2205 3215 suam

283 3262 476 3313 contra
499 3257 819 3314 Nestorium
849 3258 1214 3326 sententiam,
1242 3266 1410 3333 atque
1454 3258 1841 3330 infallibilem,
1876 3277 2007 3314 cum
2051 3258 2204 3314 illam
2287 3277 2290 3281 ’

281 3357 516 3432 perinde
554 3359 755 3414 habeat
785 3378 849 3415 ac
888 3359 935 3415 si
968 3378 1000 3415 a
1034 3360 1243 3417 Christo
1285 3359 1395 3415 Deo
1422 3359 1787 3433 pronuntiata
1822 3357 2041 3419 fuisset.
2077 3359 2205 3423 Quae
2245 3348 2278 3404 ’-

281 3457 576 3530 persuasio
608 3458 655 3513 si
695 3463 830 3515 tunc
862 3459 1137 3534 temporis
1178 3478 1290 3514 non
1334 3458 1530 3515 fuisset
1561 3457 1969 3514 catholicorum
1999 3456 2202 3513 animis

283 3555 454 3613 insita
495 3563 548 3614 et
589 3564 744 3615 extra
768 3558 1007 3615 dubium
1030 3558 1235 3634 posita,
1269 3557 1778 3616 contradictionem
1812 3555 2200 3632 proculdubio

285 3662 531 3729 exparte
561 3658 1002 3715 orthodoxorum
1030 3660 1340 3736 praesulum
1383 3676 1545 3735 passa
1583 3657 1803 3714 fuisset.
1842 3654 2056 3711 Nedum
2101 3672 2199 3710 au·
2256 3723 2258 3725 v
