2372 4108
314 244 404 291 102
578 277 581 281 ,
987 210 1280 277 TRACTATUS
1311 225 1378 272 DE
1408 224 1556 272 PAPA.

314 350 371 404 in
393 347 623 404 omnium
641 304 1066 413 coepiscoporum
1085 338 1396 387 nostrorum
1409 331 1650 404 perferri
1671 331 1841 403 facias
1863 331 2156 396 notionem,-
2177 336 2231 387 et

316 465 430 505 non
473 443 658 500 solum
700 452 896 492 eorum
939 432 1038 506 qui
1082 431 1140 487 in
1187 436 1285 487 tua
1330 435 1463 487 sunt
1505 428 1734 486 dioecesi
1774 428 2091 500 constituti,
2136 429 2233 486 sed

314 544 481 600 etiam
508 539 578 594 ad
612 535 906 591 universos
934 531 1401 606 Carthaginenses
1442 548 1505 586 ae
1539 528 1792 603 Baeticos,
1831 528 2128 586 Lusitanos
2153 534 2235 585 at-

315 657 430 712 que
461 634 745 704 Gallicios,
789 631 874 688 vel
903 649 998 688 eos
1040 631 1139 705 qui
1171 630 1374 687 vicinis
1411 629 1517 685 tibi
1557 628 1898 685 collimitant
1932 628 2064 684 hine
2104 627 2237 684 inde

312 734 641 812 provinciis,
671 734 787 789 haec
825 750 951 805 quae
985 750 1016 787 a
1043 730 1211 787 nobis
1249 736 1382 786 sunt
1413 728 1631 785 salubri
1672 728 2028 785 ordinatione
2053 727 2239 803 dispo-

315 836 445 907 sita,
470 835 576 891 sub
603 834 927 890 litterarum
952 838 1183 888 tuarum
1203 830 1599 907 prosecutione
1622 829 1948 885 mittantur.
1971 829 2034 886 Et
2058 846 2239 904 quan-

317 951 487 1006 quam
530 939 730 988 statuta
764 928 1284 1004 Sedis-Apostolioae,
1324 927 1409 984 vel
1450 944 1734 983 canonum
1766 925 2109 982 venerabilia
2149 926 2242 982 de-

318 1032 501 1103 finita,
540 1031 670 1087 nulli
717 1029 1054 1085 sacerdotum
1097 1027 1310 1083 Domini
1352 1030 1603 1099 &morare
1649 1027 1721 1081 sit
1752 1026 1998 1094 libe-rum,
2041 1025 2242 1082 utilius

319 1137 583 1188 tamen...
621 1130 666 1187 si
707 1147 770 1186 ea
799 1147 923 1202 qnae
957 1128 1025 1184 ad
1055 1134 1109 1184 te
1137 1127 1365 1203 speciali
1397 1127 1629 1182 nomine
1666 1125 2005 1199 generaliter
2036 1126 2241 1202 scripta

321 1239 477 1302 sunt,
517 1249 616 1306 per
650 1229 1044 1286 unanimitatis
1090 1235 1204 1284 tuae
1242 1227 1713 1297 sollicitudinem,
1755 1226 1811 1281 in
1844 1225 2243 1282 universorum

319 1333 563 1388 fratrum
591 1337 917 1387 nostrorum
947 1328 1208 1384 notitiam
1232 1327 1615 1403 perferantur;
1663 1333 1945 1400 quatenus
1972 1332 2024 1382 et
2061 1345 2186 1399 quae
2213 1347 2243 1384 α

319 1433 469 1486 nobis
503 1438 700 1487 sunt...
743 1429 1031 1484 salubriter
1072 1431 1377 1496 constituta,
1411 1429 1731 1482 intemerata
1776 1433 2150 1499 permaneant,
2194 1433 2247 1482 et

322 1528 587 1583 omnibus
606 1527 672 1597 jn
700 1533 993 1602 posterum
1039 1525 1502 1582 excusationibus
1533 1523 1744 1591 adituS,
1775 1523 1872 1595 qui
1904 1523 2021 1596 jam
2054 1524 2249 1601 nullus

322 1627 472 1703 apud
516 1645 617 1683 nos
674 1632 866 1702 patere
902 1626 1130 1701 poterit,
1165 1626 1551 1681 obstruatur»
1598 1622 1769 1698 (apud
1800 1622 2089 1692 Coustant,
2121 1623 2248 1697 Epi-

323 1729 469 1783 stolae
507 1727 869 1783 Romanorum
915 1727 1245 1799 Pontificum,
1276 1724 1383 1779 col.
1426 1724 1584 1786 657).
1627 1723 1829 1778 Volens
1866 1724 2121 1780 caecutiat
2153 1743 2249 1781 ne-

325 1843 480 1881 eesse
512 1831 617 1894 est,
654 1825 751 1897 qui
782 1843 892 1879 non
929 1823 1190 1898 percipit,
1229 1822 1288 1877 in
1320 1823 1424 1877 hae
1456 1820 1635 1876 sancti
1670 1820 1854 1876 Siricii
1879 1822 2115 1896 epistola
2140 1822 2255 1897 pri-

329 1930 547 1979 matum
586 1921 1006 1996 jurisdictionis
1035 1920 1393 1996 apertissime
1425 1919 1618 1988 asseri,
1652 1919 1827 1974 immo
1861 1924 1913 1975 et
1944 1921 2212 1976 exerceri.

406 2023 625 2078 SANCTUS
654 2023 975 2077 Innocsnrms
1001 2022 1041 2090 I,
1073 2027 1299 2077 creatus
1325 2018 1575 2075 Pontifex
1609 2037 1756 2074 anno
1784 2018 1915 2074 402.

410 2121 462 2176 1.
500 2120 955 2194 Carthaginensis
995 2119 1219 2176 concilii
1265 2118 1524 2194 patribus
1551 2116 1842 2192 rescripsit
1875 2117 1933 2172 in
1960 2118 2112 2173 hune
2138 2137 2255 2173 mo-

332 2221 468 2276 ‹lum
507 2242 516 2273 ε
571 2220 869 2293 «Antiquae
912 2220 1222 2275 traditionis
1263 2216 1517 2292 exempla
1562 2222 1871 2285 servanteS,
1913 2222 1967 2272 et
2011 2217 2257 2273 ecelesia-

329 2323 474 2376 stica?
494 2337 771 2376 memores
788 2319 1100 2393 disciplinae,
1121 2324 1319 2374 vestrae
1338 2316 1632 2390 religionis
1654 2316 1901 2389 vigorem
1930 2334 2046 2371 non
2068 2316 2258 2372 minus

331 2437 484 2474 nune
525 2419 581 2473 in
622 2418 990 2488 consulendo,
1033 2435 1205 2490 quam
1253 2422 1418 2472 antea
1456 2433 1587 2471 eum
1615 2413 2091 2489 pronuntiaretis,
2128 2432 2258 2471 vera

330 2519 548 2574 ratione
591 2517 883 2586 firmastis,
932 2517 1028 2590 qui
1074 2517 1141 2572 ad
1187 2522 1449 2572 nostrum
1494 2513 1860 2570 referendum
1902 2514 2258 2589 approbastis

331 2636 451 2674 esse
475 2617 779 2692 judieium3
821 2617 1062 2673 scientes
1090 2617 1215 2690 quid
1239 2615 1550 2690 Apostolioae
1589 2614 1737 2683 Secti,
1766 2631 1896 2668 cum
1932 2630 2128 2668 omnes
2155 2614 2258 2667 hoe

331 2716 452 2773 loco
483 2716 650 2792 positi
689 2717 877 2792 ipsum
914 2716 1073 2790 sequi
1116 2715 1508 2771 desideremus
1539 2712 1895 2789 Apostolum,
1926 2712 2196 2780 debeatur,
2229 2727 2258 2764 a

334 2833 444 2886 quo
484 2815 605 2888 ipse
640 2815 997 2889 episcopatus
1024 2822 1076 2870 et
1111 2820 1225 2870 tota
1255 2812 1562 2869 auctoritas
1601 2811 1853 2868 nominis
1882 2809 2054 2883 hujus
2081 2826 2260 2865 emer-

335 2913 428 2969 sit.
456 2913 629 2977 Quem
659 2920 978 2986 sequentes,
1008 2920 1124 2969 tam
1145 2913 1292 2968 mala
1315 2915 1587 2967 damnare
1610 2912 1895 2978 novimus,
1932 2927 2104 2982 quam
2131 2927 2260 2984 pro-

334 3013 467 3068 bare
498 3011 804 3067 laudanda.
836 3013 932 3067 Vel
965 3012 1022 3066 id
1048 3029 1201 3081 vere,
1233 3011 1384 3083 quod
1407 3019 1625 3084 patrum
1659 3012 1900 3075 instituta
1929 3007 2261 3064 sacerdotali

337 3110 520 3166 officio
548 3110 933 3167 custodientes
961 3128 1074 3166 non
1103 3109 1343 3165 censetis
1372 3125 1494 3164 esse
1521 3106 1813 3175 calcanda,
1846 3105 2001 3179 quod
2035 3104 2118 3160 illi
2156 3123 2261 3161 non

335 3211 568 3265 lucrizano
606 3213 700 3266 secl
747 3211 920 3265 (Ii-vina
953 3211 1232 3265 decrevere
1257 3209 1544 3276 sententia,
1578 3211 1641 3261 ut
1680 3204 1959 3278 quidquid
2006 3203 2263 3277 quamvis

337 3309 405 3364 de
444 3309 746 3383 disjunctis
782 3308 1134 3381 remotisque
1159 3305 1468 3382 provinciis
1495 3309 1778 3377 ageretur,
1811 3321 1925 3358 non
1961 3302 2123 3377 prius
2157 3302 2260 3357 du-

338 3414 528 3463 cerent
553 3407 889 3477 finiendum,
910 3406 1021 3463 nisi
1054 3406 1123 3462 ad
1150 3406 1320 3479 hujus
1347 3404 1506 3460 Sedis
1536 3403 1797 3460 notitiam
1827 3400 2165 3478 perveniret3
2198 3406 2261 3456 ut

340 3511 453 3561 tota
494 3507 662 3581 hujus
703 3506 1038 3563 auctoritate
1076 3525 1201 3580 quae
1237 3507 1391 3580 justa
1431 3503 1604 3560 fuerit
1642 3499 2031 3579 pronuntiatio
2069 3498 2261 3555 firma-

342 3608 527 3670 retur3
579 3605 822 3679 indeque
867 3611 1157 3662 sumerent
1199 3610 1409 3661 eaeterae
1453 3602 1710 3659 Ecclesiae
1753 3598 1923 3674 (velut
1973 3596 2040 3652 de
2084 3597 2260 3653 natali

346 3717 446 3754 suo
486 3702 639 3759 fonte
674 3724 834 3780 aquae
872 3712 1089 3762 cunetae
1129 3705 1523 3780 procederent,
1565 3707 1619 3758 et
1659 3717 1757 3776 per
1802 3698 2052 3754 diversas
2083 3697 2256 3754 totius
