2372 4108
890 267 1017 314 PARS
1045 266 1213 314 PRIMA.
1910 267 1999 314 115

28 382 33 389 ⁴
117 373 309 446 rinthi)
343 373 727 447 congreganda
755 373 821 431 de
850 393 1018 432 causa
1043 374 1234 430 fratris
1270 373 1450 430 nostri
1481 379 1535 430 et
1563 372 1874 450 coepiscopi
1900 372 1996 430 Pe-

117 471 346 544 rigeniS,
373 471 534 544 cujus
571 470 901 546 scripsimus
925 476 1132 526 statum
1163 470 1318 526 nulla
1347 454 1510 546 posse
1534 471 1757 546 penitus
1781 470 2001 527 ratione

118 570 357 639 turbari,
382 569 512 624 talia
552 569 756 642 scripta
787 566 1117 635 direximuS,
1153 567 1358 639 quibus
1395 568 1641 624 universi
1675 569 1875 625 fratres
1914 568 2000 623 in-

119 669 389 741 telligant,
432 667 614 742 primo
647 665 942 722 convenire
992 681 1050 720 se
1090 664 1228 719 citra
1266 670 1420 720 tuam
1462 666 1860 723 conscientiam
1903 666 2005 721 mi-

120 765 269 820 nime
300 762 576 828 debuisse;
608 761 828 830 deinde,
867 762 932 816 de
966 769 1149 816 nostro
1190 778 1296 814 non
1337 779 1450 816 esse
1481 763 1680 833 judicio
1717 771 2006 819 retraetan-

119 864 259 919 dum.
295 861 573 933 Nunquam
609 861 748 915 enim
780 859 927 914 licuit
960 859 1024 914 de
1053 875 1112 913 eo
1145 876 1350 925 rursus,
1388 859 1524 930 quod
1559 860 1719 914 semel
1750 868 2008 915 statutum

119 967 196 1016 est
243 960 305 1014 ab
336 958 638 1032 Apostolica
685 956 838 1024 Sede,
885 958 1158 1012 tractari»
1206 954 1376 1029 (apud
1426 954 1716 1025 Constant,
1758 955 2011 1028 Epistoloe

121 1059 471 1115 Romanorum
509 1057 836 1127 Pontificum,
875 1055 978 1111 col.
1021 1053 1188 1126 1055,
1226 1054 1361 1110 edit.
1403 1053 1652 1124 Parisiis,
1697 1054 1887 1124 1721).
1932 1054 2010 1109 lbi

127 1157 293 1213 habes
334 1155 458 1211 luce
507 1153 813 1210 meridiana
868 1153 1076 1208 clarius
1124 1158 1401 1208 assertum
1441 1151 1857 1224 jurisdictionis
1899 1151 2014 1226 pri-

128 1260 362 1311 matum.
606 1314 614 1320 ,

157 1410 162 1414 ,
205 1353 255 1408 5.
287 1352 344 1405 ln
375 1348 492 1404 suis
521 1347 587 1402 ad
615 1348 903 1403 universos
935 1347 1226 1404 Thessaliae
1251 1347 1550 1422 Episcopos
1590 1347 1794 1403 litteris
1825 1367 1835 1399 :
1879 1368 1906 1398 «
1932 1348 2016 1402 ln-

133 1448 343 1504 stitutio
369 1443 699 1502 universalis
731 1443 1009 1498 nascentis
1035 1444 1287 1499 Ecclesiae
1312 1445 1379 1499 de
1405 1444 1550 1500 beati
1591 1445 1738 1500 Petri
1771 1443 2014 1516 sumpsit

138 1545 328 1601 honore
352 1541 709 1618 principium,
740 1542 790 1594 in
824 1559 922 1612 quo
946 1543 1179 1612 reqimen
1213 1543 1317 1613 ejus
1345 1549 1395 1596 et
1422 1560 1621 1597 summa
1652 1543 1912 1596 consistit.
1942 1539 2016 1594 Ex

137 1642 252 1714 ejus
287 1641 432 1697 enim
477 1635 842 1694 ecclesiastica
884 1636 1175 1710 disciplina
1208 1655 1306 1710 per
1340 1656 1533 1693 omnes
1560 1637 1853 1707 EcclesiaS,
1891 1636 2018 1692 reli-

133 1736 312 1806 gionis
330 1739 443 1809 jam
480 1736 759 1788 crescente
785 1731 1026 1800 cultura,
1068 1733 1220 1787 sonte
1253 1733 1516 1788 manavit.
1551 1734 1781 1788 Nicaenae
1821 1734 2015 1807 synodi

132 1846 239 1882 non
270 1828 416 1882 aliud
443 1831 712 1899 praecepta
754 1831 1065 1880 testantur:
1097 1826 1228 1880 adeo
1258 1834 1315 1880 nt
1347 1844 1453 1880 non
1487 1828 1689 1898 aliquid
1712 1845 1869 1899 snper
1901 1845 2016 1882 eum

130 1943 257 1981 ausa
284 1925 351 1979 sit
388 1925 718 1992 constituere,
750 1940 878 1978 cum
910 1922 1117 1977 videret
1160 1922 1302 1976 nihil
1333 1941 1503 1996 supra
1540 1922 1804 1979 meritum
1847 1942 2013 1980 suum

132 2040 290 2098 posse
328 2021 564 2078 conferri
595 2043 605 2074 ;
641 2023 815 2076 omnia
858 2021 1084 2093 denique
1110 2021 1229 2075 huic
1262 2031 1485 2077 noverat
1521 2021 1735 2076 Domini
1774 2041 2017 2078 sermone

131 2138 384 2176 concessa.
419 2119 562 2174 Hono
597 2137 721 2190 erqo
749 2121 977 2174 ecclesiis
1010 2125 1116 2173 toto
1150 2120 1274 2174 orbe
1300 2119 1518 2192 diffusis
1546 2120 1684 2175 velut
1714 2129 1867 2194 caput
1894 2140 2014 2176 suo-

129 2235 239 2272 rum
265 2225 458 2272 certum
493 2222 569 2270 est
595 2234 705 2270 esse
728 2217 1075 2270 membrorum·
1103 2236 1118 2267 .·
1149 2233 1181 2270 a
1207 2234 1310 2288 qna
1343 2234 1399 2270 se
1425 2217 1654 2288 quisquis
1683 2218 1930 2287 abscidit,
1959 2221 2018 2289 sit

128 2314 420 2368 christianae
444 2313 714 2384 reliiniiis
740 2314 993 2381 extorriS,
1021 2330 1150 2367 cum
1183 2311 1239 2366 in
1270 2312 1459 2367 eadem
1492 2330 1601 2368 non
1637 2313 1861 2388 coeperit
1897 2332 2017 2370 esse

127 2427 443 2484 compage»
513 2409 681 2482 (apud
727 2409 990 2465 Constant
1021 2454 1034 2477 ,
1079 2410 1330 2482 Epistolae
1376 2410 1730 2466 Romanorum
1797 2412 2013 2484 Pontifi-

129 2525 260 2577 cum,
281 2507 385 2562 col.
428 2506 596 2573 1057,
618 2506 751 2562 edit.
774 2506 1018 2574 Parisiis,
1053 2507 1242 2573 1721).
1274 2507 1350 2562 Ibi
1383 2508 1551 2563 habes
1579 2508 1881 2564 Ecclesiam
1907 2509 2012 2563 Ro-

129 2621 347 2659 manam
394 2615 513 2659 esse
557 2611 706 2677 caput
751 2604 1101 2659 Ecclesiarum
1142 2611 1248 2659 toto
1290 2606 1410 2658 orbe
1452 2605 1792 2677 diffusarum
1837 2611 1891 2659 et
1938 2604 2012 2659 ita

128 2701 374 2774 quidem,
408 2707 469 2756 ut
504 2720 667 2757 nemo
698 2701 872 2776 possit
905 2719 1023 2756 sese
1052 2701 1120 2755 ab
1159 2718 1221 2755 ea
1268 2700 1607 2774 disjungere,
1651 2702 1786 2774 quin
1824 2721 1855 2757 α
1890 2705 2012 2758 reli-

125 2803 273 2872 yione
309 2802 590 2856 christiana
635 2809 895 2855 extorrem
937 2818 994 2854 se
1042 2798 1224 2854 saciat.
1267 2798 1393 2853 Sese
1434 2804 1618 2854 autem
1658 2800 1725 2855 ab
1772 2801 2009 2860 Ecclesia

127 2899 369 2954 Romana
417 2898 711 2967 abscindit,
757 2898 853 2970 qui
899 2897 1017 2970 ejus
1063 2896 1226 2952 fidem
1271 2895 1538 2970 profiteri,
1580 2903 1675 2951 aut
1707 2897 1827 2971 ejus
1874 2920 2013 2974 prae-

128 2996 299 3068 ceptis
332 2995 552 3050 obedire
579 2996 784 3050 renuit.
824 2995 962 3050 Dum
995 2984 1150 3062 dicit,
1189 2996 1366 3049 omnia
1407 2995 1628 3066 deniqne
1660 2996 1773 3051 huic
1799 3011 2013 3056 noverat

128 3091 334 3145 Domini
359 3091 609 3147 Sermone
639 3110 901 3160 concessa,
930 3110 1030 3165 per
1062 3109 1248 3147 vocem
1274 3092 1387 3146 huie
1416 3091 1678 3164 intelligit
1707 3093 2008 3150 Romanam

129 3188 346 3254 Sedem,
386 3194 548 3259 prout
590 3195 828 3259 arguunt
875 3187 1193 3243 immediate
1234 3188 1529 3259 sequentia
1567 3188 1852 3255 vocabula,
1886 3190 2014 3243 hane

131 3301 276 3354 erqo,
310 3283 439 3336 Item
478 3281 627 3336 istud
654 3284 717 3337 de
752 3284 889 3338 Petri
923 3285 1137 3351 honore,
1166 3284 1312 3338 idem
1354 3290 1513 3338 sonat.
1541 3302 1602 3338 ac
1636 3285 1700 3337 de
1739 3283 1887 3338 Petri
1922 3303 2012 3355 po-

133 3389 332 3436 testate.
387 3380 448 3434 Et
496 3397 623 3434 cum
671 3379 914 3449 additur,
959 3380 1204 3435 Nicaenos
1247 3381 1432 3435 Patres
1476 3397 1583 3432 non
1628 3397 1794 3434 ausos
1840 3379 2014 3437 fuisse

131 3477 438 3550 quidquam
475 3483 716 3532 statuere
748 3494 903 3548 super
933 3494 1067 3545 enm,
1099 3475 1414 3529 litteraliter
1450 3474 1871 3546 intelligendum
1907 3486 2009 3548 est,

130 3594 282 3648 super
311 3593 425 3630 eum
467 3575 713 3629 honorem
741 3591 837 3629 seu
875 3570 1250 3645 principatum
1289 3570 1454 3635 Petri;
1495 3570 1586 3625 sed
1629 3572 2012 3632 consideratur

130 3672 222 3729 ille
257 3674 423 3729 honor
449 3691 545 3729 seu
573 3671 921 3746 principatus
960 3669 1125 3737 Petri,
1161 3674 1435 3741 quatenus
1474 3667 1718 3726 Romano
1745 3670 2010 3748 Episcopo

370 3792 399 3823 1.
1746 3774 1771 3820 8
