2320 4010
228 180 316 228 308
899 133 1203 219 TRACTATUS.
1226 173 1294 218 DE
1323 172 1473 219 PAPA.

225 300 339 337 non
368 276 660 335 habuisset
691 274 740 330 si
771 279 1025 349 putasset
1057 274 1365 332 Ecclesiam
1396 275 1709 332 Romanam
1741 277 1801 332 in
1833 277 2152 338 definienda

223 380 333 436 fide
363 394 552 434 errare
575 390 740 449 posse
766 395 776 428 ε
824 374 1103 430 absonum
1139 374 1424 449 siquidem
1452 384 1535 432 est
1566 375 1804 448 obligari
1847 376 2039 434 fideles
2066 384 2152 435 to·

223 477 338 532 tius
366 473 566 530 mundi
594 473 661 529 ad
689 473 1036 530 credendum
1071 475 1343 531 doctrinae
1368 494 1496 549 quae
1522 493 1758 532 erronea
1790 493 1912 532 esse
1950 477 2147 551 possit.

221 574 365 648 Ergo
386 579 600 630 certam
629 573 860 629 omnino
892 573 1091 629 habuit
1122 573 1367 630 lrenaeus
1388 573 1648 630 Ecclesiae
1679 574 1947 631 Romanae
1975 574 2033 630 in
2052 575 2152 633 do-

222 671 398 728 cenda
431 671 538 726 lide
567 670 939 728 inerrantium
971 669 1593 726 seu-infallibilitatem.

299 773 355 828 2⁰
382 771 538 837 Quod
564 771 612 827 is
644 772 714 827 sit
741 771 1024 845 genuinus
1051 771 1355 827 citatorum
1380 769 1575 827 Irenaei
1597 770 1899 827 verborum
1924 790 2150 845 sensuS,

222 870 517 926 confirmat
549 876 868 940 contextuS,
903 890 1002 927 seu
1049 869 1416 926 ratiocinium
1459 888 1490 925 a
1525 877 1720 926 sancto
1756 876 2004 945 martyre
2050 872 2154 927 hoc

220 970 342 1026 loco
390 969 740 1026 institutum.
786 969 866 1025 Ad
913 969 1323 1043 dignoscendos
1378 987 1581 1044 nempe
1630 975 1682 1025 ct
1725 969 2154 1027 confundendos

222 1069 538 1140 haereticOS‚
568 1069 703 1124 dicit
732 1068 868 1125 salis
895 1086 1017 1124 esse
1043 1069 1091 1124 si
1123 1069 1448 1125 conferatur
1485 1086 1684 1124 eorum
1717 1053 1975 1125 doctrina
2017 1089 2150 1126 cum

219 1166 523 1222 traditione
568 1168 626 1220 in
668 1175 778 1222 toto
822 1167 1019 1220 mundo
1063 1166 1432 1237 manifestata,
1477 1165 1547 1221 ab
1578 1166 1882 1240 ApostoliS,
1931 1172 1984 1223 et
2027 1186 2153 1241 quae

220 1269 543 1322 asservatur
580 1264 639 1318 in
670 1263 931 1319 Ecclesiis
959 1282 1101 1336 quas
1138 1263 1509 1318 instituerunt
1531 1263 1804 1335 Apostoli.
1847 1265 1913 1320 Ut
1956 1273 2148 1323 autem

219 1361 586 1434 dignoscatur
621 1360 849 1416 traditio
889 1360 985 1415 illa
1023 1359 1401 1415 Ecclesiarum
1440 1358 1508 1414 ab
1540 1359 1819 1434 Apostolis
1862 1359 2152 1421 instituta-

218 1476 371 1527 rum,
422 1458 556 1514 dicit
603 1444 1008 1514 recensendam
1062 1475 1186 1514 esse
1238 1456 1560 1513 doctrinam
1610 1475 1782 1529 quarn
1838 1460 2147 1518 successive

216 1557 571 1614 tradiderunt
604 1559 690 1631 qui
725 1558 787 1613 ab
818 1558 1070 1632 apostolis
1092 1559 1326 1612 instituti
1356 1565 1478 1612 sunt
1519 1556 1769 1629 Episcopi
1810 1558 1865 1612 in
1902 1556 2145 1616 Ecclesiis

216 1666 265 1714 et
301 1676 630 1714 successores
666 1676 850 1713 eoram
879 1676 1039 1731 usque
1074 1657 1143 1712 acl
1184 1674 1280 1711 nos
1298 1678 1315 1720 ;
1361 1662 1438 1727 et,
1469 1655 1517 1711 si
1545 1654 1866 1712 inveniatur
1895 1674 1988 1724 eos
2015 1659 2149 1713 nihil

212 1759 317 1814 tale
344 1760 585 1814 docuisse
607 1776 768 1831 neque
794 1760 1101 1829 cognovisse
1126 1756 1281 1828 quale
1307 1757 1370 1810 ab
1401 1757 1481 1810 his
1505 1755 1828 1829 (haereticis)
1852 1756 2145 1827 deliratur,

213 1875 277 1914 ex
308 1858 414 1913 hoc
448 1858 571 1932 ipso
602 1857 809 1913 erroris
837 1856 1120 1912 convictos
1152 1872 1446 1910 remancre
1474 1859 1790 1910 novatores,
1819 1854 1985 1910 Addit
2022 1873 2149 1930 pos-

213 1963 300 2014 tea
332 1958 576 2013 Irenaeus
598 1956 985 2013 necessarium
1010 1973 1123 2010 non
1155 1972 1278 2010 esse
1300 1954 1446 2009 hanc
1463 1952 1852 2009 recensionem
1880 1971 2151 2026 peragere

210 2055 399 2129 quoad
426 2073 623 2111 omnes
654 2054 927 2111 Ecclesias
964 2055 1033 2110 ab
1055 2052 1334 2128 Apostolis
1372 2051 1685 2120 institutaS‚
1726 2050 1824 2107 sed
1852 2051 1990 2107 satis
2029 2069 2150 2109 csse

211 2155 260 2211 si
290 2155 383 2210 fiat
412 2154 598 2228 quoad
626 2154 993 2228 praecipuam,
1024 2153 1079 2207 id
1106 2158 1212 2221 est,
1250 2151 1436 2224 quoad
1472 2150 1790 2212 Ecclesiam.
1808 2151 2145 2207 Romanam.

211 2253 275 2309 Et
303 2254 435 2327 quia
461 2253 741 2327 generalis
774 2255 890 2309 haec
920 2251 1172 2308 recensio
1205 2250 1466 2306 omnium
1494 2251 1933 2325 apostolicarum
1959 2251 2146 2308 Eccle-

207 2354 428 2409 siarum
455 2353 629 2409 nimis
660 2353 825 2426 longa
859 2352 1083 2422 suisset,
1115 2350 1251 2407 dicit
1280 2368 1339 2406 se
1367 2350 1526 2406 illam
1556 2350 1838 2422 omittere,
1874 2357 1927 2407 et
1960 2369 2148 2407 recur-

210 2470 335 2508 rere
362 2453 654 2508 dumtaxat
693 2452 763 2508 ad
794 2452 1161 2508 traditionem
1195 2451 1253 2507 in
1287 2450 1531 2507 Ecclesia
1562 2450 1816 2507 Romana
1847 2469 2145 2508 conserva-

206 2557 350 2621 tam,
385 2570 485 2608 seu
518 2553 587 2609 ad
617 2553 934 2609 doctrinam
974 2571 1147 2625 quam
1189 2550 1548 2607 tradiderunt
1588 2551 1848 2626 Episcopi
1893 2551 1992 2625 qui
2021 2557 2146 2626 post

209 2657 473 2707 sanctum
518 2653 746 2708 Petrum
787 2670 911 2707 eam
956 2650 1148 2707 sedem
1177 2655 1412 2706 tenuere
1449 2670 1460 2702 ε
1494 2649 1894 2722 sedquoniam,
1934 2650 2143 2724 inquit,

208 2749 360 2804 valde
382 2749 594 2820 lonqnm
625 2760 704 2806 est
732 2753 788 2805 in
830 2751 926 2806 hoc
953 2750 1049 2805 tali
1083 2750 1347 2804 volumine
1374 2749 1602 2804 omnium
1632 2748 1990 2805 Ecclesiarum
2016 2768 2147 2805 enu-

210 2866 423 2903 merare
456 2852 835 2920 successiones,
869 2852 1125 2905 maxima:
1158 2856 1209 2904 et
1237 2851 1621 2921 antiquissimae
1661 2856 1712 2904 et
1745 2851 1983 2905 omnibus
2025 2868 2144 2922 coy-

211 2948 363 3016 nitae,
404 2963 437 3000 a
473 2946 877 3015 ylorz'osissimis
909 2947 1106 3001 duobus
1146 2947 1402 3019 apostolis
1441 2946 1618 3002 Romae
1658 2946 1894 3018 fimdatae
1935 2953 1987 3001 et
2022 2965 2144 3002 con-

211 3046 431 3113 stitutae,
461 3051 594 3113 etc.,
621 3049 683 3100 ut
713 3062 909 3120 supra.
939 3045 1000 3099 Et
1034 3043 1266 3100 tandem
1289 3043 1570 3101 rationem
1603 3044 1697 3100 dat
1735 3063 1842 3100 cur
1873 3043 2142 3114 sufficiat,

210 3141 282 3198 ad
326 3142 737 3200 convincendos
791 3142 1105 3214 haeretiCQS,
1154 3142 1525 3199 traditionem
1564 3150 1618 3199 et
1662 3143 1830 3200 fidem
1879 3145 2146 3201 Romanae

211 3242 472 3299 Ecclesiae
504 3243 746 3317 allegare
771 3264 781 3297 :
819 3243 954 3317 quia
979 3261 1183 3318 nempe
1205 3247 1419 3299 caeterae
1447 3261 1646 3300 omnes
1668 3248 1937 3300 tenentur
1960 3243 2141 3300 eidem

213 3342 342 3398 fidei
376 3342 661 3399 adhaerere
690 3362 861 3417 quam
895 3341 1057 3399 docet
1095 3342 1340 3399 Ecclesia
1371 3341 1647 3415 Romana,
1691 3343 1768 3399 ita
1799 3348 1863 3399 ut
1899 3343 2141 3416 allegare

211 3441 476 3498 Romanae
518 3442 775 3498 Ecclesiae
820 3441 1162 3511 doctrinam,
1208 3441 1281 3497 sit
1321 3441 1497 3497 simul
1540 3441 1782 3515 allegare
1819 3441 2138 3499 doctrinam

214 3540 479 3612 aliarum,
509 3560 639 3598 cum
667 3542 865 3598 eadem
893 3560 1016 3599 esse
1041 3541 1238 3597 debeat
1267 3539 1315 3596 si
1343 3540 1457 3596 sint
1483 3539 1796 3610 catholicae,
1827 3545 2136 3596 ettenean-

217 3641 309 3693 tur
340 3657 535 3698 omnes
562 3640 904 3699 concordare
927 3641 985 3696 in
1008 3639 1116 3697 fide
1138 3657 1269 3696 cum
1287 3638 1537 3696 Romana
1565 3638 1833 3710 Ecclesia,
1860 3637 1931 3694 ob
1957 3636 2138 3712 ipsius

2279 1182 2300 1277 ε

2256 1902 2281 2006 l„

2317 2973 2320 3054 ἓ,

2316 3077 2320 3136 ³

2312 3137 2320 3257 ἒ

2310 3259 2320 3397 ἒ
