2372 4108
321 240 410 287 114
444 253 467 257 “
991 223 1290 275 TRACTATUS
1322 223 1388 271 DE
1419 224 1563 271 ΡΑΡΑ.

322 343 697 403 transmissus
738 343 790 393 et
829 335 886 389 in
921 331 1063 387 Sede
1101 329 1352 386 Romana
1390 345 1779 404 perseverans;
1821 334 1878 387 et
1915 346 2117 386 sensus
2155 333 2241 385 est

321 462 433 499 non
453 457 620 498 ausos
640 451 763 492 esse
782 431 1035 487 Nicaenos
1054 429 1245 486 Patres
1273 427 1591 503 quidquam
1623 432 1872 501 statuere
1894 428 1963 485 de
1986 428 2242 485 Romanae

323 541 477 596 Sedis
511 539 798 610 potestate,
850 529 983 603 quia
1025 534 1298 585 noverant
1332 530 1511 584 omnia
1552 526 1685 584 huic
1714 527 1839 583 Sedi
1876 527 2142 584 Romanae
2183 527 2242 583 in

318 651 560 712 persona
599 630 752 688 Beati
781 626 929 686 Petri
969 630 1185 686 Domini
1226 645 1470 685 sermone
1499 645 1748 684 concessa
1789 626 1985 683 fuisse.
2021 627 2245 683 Insana-

318 734 447 789 hilis
487 731 739 808 profecto
786 729 1056 787 caecitatis
1096 729 1259 798 foret,
1295 730 1394 802 qui
1435 733 1718 785 assertum
1762 727 1840 784 ibi
1884 745 1997 784 non
2034 726 2247 784 videret

318 834 555 891 Romani
604 831 886 889 Pontificis
922 830 1439 906 jurisdictionalem
1483 830 1814 906 primatum.
1865 864 1934 871 —
1974 829 2246 886 Praeterea
2324 879 2331 887 .

320 950 588 1008 expresse
613 931 672 987 in
705 931 901 988 eadem
929 930 1162 1005 epistola
1195 929 1332 985 dicit
1363 934 1593 985 sanctus
1618 927 1939 984 Bonifacius
1971 926 1991 980 I
2021 947 2031 980 ε
2067 925 2245 982 «Ideo

322 1011 461 1091 tenet
489 1033 653 1090 Sedes
675 1031 979 1106 Apostolica
1003 1033 1393 1105 principatum,
1414 1035 1478 1085 ut
1499 1028 1758 1102 querelas
1787 1026 2047 1083 omnium
2074 1024 2248 1082 licen-

314 1143 400 1193 tes
439 1140 707 1210 acceptet.
747 1156 774 1188 »
800 1133 802 1135 ’
830 1134 893 1189 Et
935 1133 1102 1207 paulo
1141 1131 1331 1188 infra:
1380 1153 1407 1185 «
1433 1130 1775 1189 Ordinatioiii
1821 1136 2018 1185 uostrae
2055 1133 2248 1203 pareat

317 1236 551 1308 quisquis
575 1252 630 1289 se
659 1233 975 1306 Episcopum
1011 1232 1358 1303 recoqnoscit.
1387 1251 1414 1283 »

399 1335 451 1390 4.
486 1334 544 1388 In
567 1332 775 1389 litteris
808 1330 926 1387 suis
954 1330 1022 1386 ad
1044 1330 1254 1386 Rufum
1286 1335 1339 1385 et
1366 1347 1561 1386 omnes
1589 1346 1688 1404 per
1706 1328 1992 1404 Illyricum
2019 1326 2244 1403 Episco-

318 1452 418 1508 pos
452 1453 461 1485 z
498 1433 728 1489 «Manet
754 1432 985 1487 Beatum
1011 1431 1343 1506 Apostolum
1377 1430 1604 1485 Petrum
1633 1447 1733 1503 per
1778 1427 2117 1484 sententiam
2149 1427 2246 1482 do-

318 1530 586 1586 minicam
603 1530 920 1585 universalis
941 1528 1184 1584 Ecclesiae
1204 1528 1272 1583 ab
1297 1514 1401 1583 hoc
1420 1526 1723 1582 sollicitudo
1748 1531 2013 1599 suscepta,-
2038 1523 2249 1599 quippe

318 1647 515 1702 quam,
541 1627 840 1701 Evangelio
870 1632 1034 1698 teste,
1072 1626 1130 1681 in
1170 1644 1227 1682 se
1263 1625 1478 1681 noverit
1508 1642 1628 1682 esse
1654 1623 1969 1681 fundatam.
2000 1623 2108 1680 Nec
2141 1641 2248 1679 un-

320 1748 491 1801 quam
526 1729 645 1801 ejus
677 1728 858 1782 honor
888 1744 1101 1782 vacuus
1135 1731 1318 1799 potest
1361 1742 1482 1780 esse
1514 1742 1808 1794 curarum,
1855 1742 1985 1780 cum
2030 1730 2248 1780 certum

321 1829 394 1885 sit
428 1846 690 1884 summam
715 1845 894 1883 rernm
930 1845 996 1882 ezr
1026 1828 1135 1899 ejus
1162 1826 1540 1880 deliberatione
1574 1825 1832 1896 pendere.
1859 1823 1990 1886 Quae
2018 1842 2110 1879 res
2128 1824 2251 1879 *ani-

322 1947 479 1984 mum
505 1946 697 1983 meum
725 1945 907 1999 usque
935 1926 1004 1981 ad
1029 1924 1271 1981 Orientis
1302 1924 1443 1994 loca,
1463 1941 1588 1997 quae
1615 1941 1716 1998 per
1752 1923 1935 1998 ipsam
1971 1922 2248 1980 sollicitu-

322 2026 511 2082 dinem
544 2023 963 2098 quodammodo
988 2022 1269 2091 videmus,
1309 2020 1615 2077 extendunt
1644 2043 1671 2074 »
1738 2019 1910 2094 (apud
1956 2019 2248 2090 Constant,

320 2124 568 2199 Epistolae
619 2123 982 2179 Romanorum
1025 2120 1365 2191 Pontificum,
1419 2118 1530 2174 col.
1582 2117 1753 2186 1059,
1808 2117 1942 2174 edit.
1995 2115 2248 2187 ParisiiS,

323 2223 518 2297 1721).
562 2223 643 2280 lbi
683 2223 934 2298 seipsum
968 2220 1222 2294 designat
1260 2221 1366 2276 suh
1398 2218 1633 2276 nomine
1679 2219 1849 2288 Petri,
1901 2224 1965 2274 ut
2018 2235 2084 2274 ex
2122 2237 2252 2275 con-

321 2330 478 2380 textu
529 2324 726 2397 liquet;
779 2321 1018 2398 proinde
1062 2321 1377 2376 universalis
1410 2319 1658 2376 Ecclesiae
1695 2305 2108 2376 sollicitudinem
2155 2337 2251 2376 seu

312 2423 831 2498 jurisdictionalem
869 2422 1181 2498 primatum
1222 2421 1330 2477 sibi
1364 2421 1633 2478 vindicat.

395 2523 565 2580 Paulo
611 2524 782 2593 infra,
822 2522 902 2578 sic
929 2541 1024 2578 eos
1059 2521 1348 2595 redarguit
1385 2520 1708 2597 EpiscopOS,
1745 2520 1842 2594 qui
1880 2539 1990 2577 non
2028 2521 2251 2595 acquie-

319 2632 514 2681 verant
540 2623 921 2699 pronuntiatae
940 2622 1147 2698 abipso
1177 2621 1467 2678 sententiae
1493 2621 1679 2694 quoad
1698 2620 2021 2694 Perigenem
2050 2641 2060 2675 :
2086 2620 2252 2678 Nemo

325 2742 556 2796 ini-quom
590 2724 894 2798 Apostolico
937 2724 1176 2794 culmini,
1214 2724 1280 2779 de
1327 2724 1467 2796 cujus
1500 2722 1705 2796 judicio
1745 2738 1849 2777 non
1889 2722 2011 2778 licet
2051 2726 2254 2776 retrac-

324 2824 456 2888 tari,
483 2841 670 2877 mamis
699 2824 876 2877 obvios
902 2823 1159 2878 audacter
1185 2822 1362 2879 intulit
1386 2843 1401 2875 .-
1427 2840 1579 2878 nemo
1609 2823 1665 2876 in
1692 2822 1788 2877 hoc
1811 2802 2023 2877 rebellis
2049 2820 2251 2890 extitit,
2302 2847 2306 2850 ·

328 2923 434 2976 nisi
461 2923 548 2994 qui
574 2921 637 2976 cle
666 2939 723 2976 se
756 2923 924 2976 voluit
947 2922 1185 2992 judicari
1215 2920 1402 2993 (ibid,
1434 2921 1541 2976 col.
1573 2921 1766 2992 1042).

405 3020 624 3075 SANCTUS
651 3018 966 3074 Cfflfflsrmus
992 3018 1035 3090 I,
1064 3026 1288 3076 creatus
1311 3018 1566 3075 Pontifex
1594 3037 1742 3074 anno
1771 3019 1905 3074 422.

405 3121 459 3177 1.
493 3120 553 3175 In
588 3117 797 3175 litteris
832 3116 950 3173 suis
974 3118 1043 3174 ad
1063 3117 1363 3192 Episcopos
1389 3116 1722 3173 Viennensis
1747 3135 1809 3172 ac
1830 3116 2255 3174 Narhonnensis

322 3219 625 3297 provinciae
657 3240 667 3271 ε
722 3238 750 3271 «
776 3218 1122 3293 Cuperemus
1164 3216 1394 3293 quidem
1423 3215 1491 3273 de
1516 3222 1835 3273 vestrarum
1875 3215 2251 3274 Ecclesiarum

323 3321 400 3377 ita
437 3317 791 3375 ordinatione
827 3317 1090 3391 gaudere,
1125 3323 1187 3372 ut
1231 3316 1759 3390 congratularemur
1798 3314 1990 3392 potius
2027 3315 2096 3372 de
2123 3333 2252 3391 pro-

324 3418 496 3487 fectu,
533 3435 704 3490 quam
737 3415 954 3489 aliquid
989 3414 1306 3471 admissum
1340 3422 1535 3471 contra
1572 3414 1932 3490 disciplinam
1957 3412 2251 3470 ecclesias-

327 3515 494 3571 ticam
541 3517 883 3573 doleremus.
934 3515 1015 3571 Ad
1062 3519 1318 3572 nostram
1366 3515 1517 3571 enim
1560 3513 1814 3571 laetitiam
1863 3518 1916 3570 et
1959 3511 2251 3569 benefacta

328 3614 681 3685 perveniunt,
713 3623 766 3672 et
807 3614 1068 3672 moeroris
1110 3615 1320 3672 aculeis
1359 3634 1462 3672 nos
1504 3632 1630 3688 quae
1670 3611 1883 3669 fuerint
1925 3612 2074 3668 male
2104 3612 2250 3668 facta

329 3720 736 3785 compungunt.
778 3714 888 3773 Nec
913 3716 1075 3772 silere
1097 3734 1406 3788 possumuS,
1431 3733 1561 3772 cum
1603 3712 1672 3770 ad
1701 3713 1808 3768 hoc
1833 3717 1896 3768 ut
1936 3710 2003 3768 ab
2036 3711 2254 3768 illicitis
