2372 4108
362 251 422 296 84
1037 211 1334 282 rflAcrArUs
1365 232 1430 278 DE
1461 232 1610 279 PAPA.

448 355 649 411 Primo.
695 348 812 404 Non
865 359 998 400 sane
1037 339 1439 415 produxissent
1479 337 1616 394 dieti
1661 336 1844 411 Legati
1891 339 2107 393 textum
2129 377 2142 404 ,
2190 334 2284 418 cui

367 450 637 508 fallaciter
660 443 845 500 addita
882 439 1126 496 fuissent
1164 440 1284 495 haec
1313 435 1459 494 tanti
1491 434 1764 492 momenti
1786 435 1957 492 verba
1997 452 2010 487 :
2054 419 2286 490 Ecclesia

367 551 547 605 Romae
581 559 788 617 semper
842 540 1023 595 habuit
1060 541 1386 613 primatum,
1443 543 1644 594 πάντοτε
1682 539 1794 608 ἔσχε
1822 540 1882 591 τὰ
1919 542 2145 608 πρωτεῖα.
2191 532 2286 588 Vel

365 645 516 702 enim
564 642 621 698 id
670 639 913 698 scienter
954 639 1252 709 fecissent,
1299 638 1388 695 vel
1429 638 1578 694 bona
1620 634 1746 692 fide.
1801 634 1969 690 Porro
2015 638 2283 689 neutrum

358 741 580 799 admitti
618 745 822 818 potest.
858 739 979 796 Non
1010 738 1276 796 scienter.
1306 737 1456 793 Nihil
1482 736 1632 793 enim
1666 740 1869 811 praeter
1895 731 2283 790 confusionem

358 862 423 900 ex
451 847 608 899 tanta
658 840 1016 916 impudentia
1049 839 1459 915 expectandum
1506 836 1646 913 ipsis
1693 841 1831 892 erat.
1879 833 2100 890 Dictum
2150 831 2287 908 ipsis

359 942 598 999 fuisset:
635 940 945 997 Contictum
999 959 1028 996 a
1072 939 1231 997 vobis
1273 945 1359 996 est
1400 937 1553 995 istud
1593 936 1733 993 sexti
1764 934 1997 992 canonis
2031 927 2284 1020 initiu'm.

357 1041 567 1098 Nullibi
603 1059 784 1098 canon
826 1041 906 1098 sic
943 1046 1114 1098 extat.
1145 1041 1464 1116 Impostura
1489 1044 1572 1095 est
1601 1035 1838 1093 Romani
1867 1032 2151 1110 Episcopi,
2188 1031 2286 1106 qui

358 1141 512 1197 vobis
548 1139 629 1196 sic
668 1140 1073 1215 interpolatum
1121 1145 1337 1196 textum
1381 1136 1635 1195 tradidit.
1686 1135 1807 1191 Haec
1834 1140 1888 1191 et
1928 1131 2134 1189 similia
2163 1149 2286 1205 quae

359 1238 523 1295 facile
563 1238 672 1295 sibi
725 1237 1041 1312 objicienda
1086 1237 1503 1313 praevidissent,
1571 1234 1930 1314 hypothesim
1980 1231 2287 1289 excludunt

360 1336 602 1393 scienter
630 1336 953 1411 interpolati
981 1336 1234 1392 canoniS.
1282 1335 1338 1392 Si
1373 1336 1522 1392 bona
1548 1334 1658 1391 fide
1685 1333 1762 1390 ita
1789 1351 2062 1390 canonem
2096 1330 2288 1387 recita-

358 1440 524 1503 runt,
555 1452 686 1508 ergo
719 1434 848 1490 talis
878 1452 1071 1490 revera
1096 1434 1154 1489 in
1185 1434 1430 1490 archivio
1449 1433 1705 1490 Ecclesiae
1726 1433 1989 1488 Romanae
2012 1437 2284 1502 tanquam

356 1533 639 1606 genuinus
663 1534 1078 1589 asservabatur.

426 1631 684 1689 Secundo.
724 1630 845 1687 Non
887 1637 1114 1687 tantum
1158 1632 1226 1686 ab
1271 1631 1642 1689 orientalibus
1675 1630 1961 1705 objectum
2000 1630 2282 1701 nonfuit,

358 1730 661 1804 genuinam
696 1748 807 1785 non
851 1748 974 1786 esse
1021 1731 1187 1786 istam
1236 1731 1470 1786 canonis
1511 1736 1762 1805 partem,
1820 1731 2058 1787 Ecclesia
2106 1730 2286 1786 Rornae

358 1846 562 1901 semper
600 1829 778 1883 habuit
808 1829 1132 1900 prima‚tum;
1183 1827 1278 1883 sed
1315 1846 1344 1883 e
1389 1834 1585 1883 eontra
1630 1846 1694 1884 ex
1740 1827 1993 1901 allegatis
2029 1834 2288 1884 constare

361 1926 600 1984 confessi
635 1932 801 1997 sunt,
852 1934 976 1982 ante
1005 1929 1182 1982 omnia
1208 1929 1500 2001 primatum
1546 1935 1594 1983 et
1631 1929 1883 1983 honorem
1918 1929 2242 2003 praecipuum
2268 1971 2283 1999 ,

357 2028 519 2100 Juxta
543 2043 771 2082 canones
791 2068 805 2096 ,
851 2025 1097 2098 antiquae
1135 2025 1324 2082 Romae
1350 2026 1785 2101 Archiepiseopo
1815 2031 2154 2100 competere.
2185 2024 2285 2081 Ubi

362 2126 606 2184 notanda
629 2132 763 2183 sunt
786 2127 958 2183 verba
988 2127 1103 2182 haee
1110 2128 1296 2201 ,jnoeta
1317 2145 1578 2192 canones;
1605 2125 1661 2181 id
1687 2132 1792 2198 est,
1822 2133 1947 2202 post
1971 2127 2286 2202 exploratas

363 2245 645 2284 canonum
669 2225 965 2282 citationes
1002 2244 1126 2299 quae
1154 2226 1311 2283 factae
1335 2226 1558 2282 fuerant
1589 2245 1652 2283 ex
1683 2246 1795 2283 una
1830 2233 1987 2302 parte
2015 2246 2045 2283 a
2071 2225 2285 2300 Legatis

360 2325 597 2381 Romani
622 2323 900 2399 Episcopi,
927 2330 979 2381 et
1008 2325 1076 2380 ab
1103 2324 1473 2381 olientalibus
1497 2344 1560 2382 ex
1588 2326 1786 2382 altera.

444 2424 640 2480 Tertio,
706 2423 859 2488 Quod
906 2422 1126 2479 Nicaena
1169 2423 1416 2498 synodus
1467 2424 1732 2481 Romame
1783 2425 1931 2482 sedis
1974 2424 2283 2498 primatum

362 2523 679 2597 agnoverit,
719 2542 819 2598 pro
855 2530 1007 2580 certo
1038 2522 1239 2579 habuit
1270 2529 1500 2581 sanctus
1532 2524 1850 2582 Bonifacius
1874 2526 1913 2581 Ι.
1960 2524 2048 2582 Sic
2077 2524 2286 2601 quippe

360 2642 508 2680 anno
527 2623 631 2680 551
658 2623 938 2680 scribebat
958 2623 1026 2680 ad
1050 2624 1346 2681 universos
1365 2625 1664 2684 Thessaliae
1683 2626 1971 2702 episcopos
2008 2648 2018 2680 ε
2050 2627 2285 2685 Nz‘caenae

360 2725 551 2797 synodi
586 2743 692 2780 non
722 2725 830 2780 alia
848 2732 1121 2798 praecepta
1149 2733 1408 2782 testantur
1419 2750 1436 2793 ;
1470 2727 1602 2783 adeo
1625 2734 1681 2783 nt
1711 2746 1818 2784 non
1841 2727 2046 2800 aliquid
2062 2745 2196 2782 ausa
2218 2726 2286 2781 sit

362 2839 651 2894 supereum
674 2805 968 2895 (honorem
993 2824 1047 2879 S.
1071 2823 1241 2895 Petri,
1264 2823 1321 2880 id
1345 2830 1448 2894 est,
1468 2825 1614 2882 sedis
1634 2825 1916 2899 Romanae)
1941 2827 2285 2896 constituere,

364 2935 478 2974 cnm
516 2920 714 2975 videret
753 2921 889 2976 nihil
918 2940 1080 2995 supra
1119 2925 1365 2979 ‘meritum
1401 2943 1551 2979 suum
1587 2943 1746 2997 posse
1786 2926 2042 2997 conferri.
2100 2924 2287 2982 Omnia

365 3019 588 3090 denique
634 3018 750 3072 hnic
799 3027 1017 3074 noverat
1052 3019 1267 3076 Domini
1307 3039 1546 3078 sermone
1587 3041 1831 3079 concessa
1879 3021 2281 3097 (Conciliorum

362 3116 541 3172 Labbe
573 3122 728 3172 tomo
766 3116 850 3186 IV,
888 3117 997 3172 col.
1030 3117 1200 3196 1705,
1231 3118 1365 3176 edit.
1393 3119 1640 3191 ParisiiS,
1668 3120 1861 3193 1671).
1899 3119 2075 3184 Quam
2106 3119 2285 3175 saneti

362 3215 633 3273 Bonifacii
673 3216 1011 3273 sententiam
1054 3218 1301 3275 referens
1341 3227 1569 3278 sanctus
1594 3220 1854 3278 Nicolaus
1878 3222 1925 3291 Ι,
1967 3220 2025 3276 in
2063 3219 2180 3277 suis
2214 3220 2283 3276 ad

363 3315 685 3372 Michaelem
733 3316 1136 3392 imperatorem
1168 3318 1404 3392 litteris,
1450 3320 1530 3394 sje
1574 3321 1880 3377 adnotabat
1927 3343 1937 3376 z
1983 3321 2041 3378 Si
2072 3322 2281 3391 omnia,

364 3432 485 3488 erqo
519 3415 688 3487 defuit
711 3417 866 3486 nihil,
901 3417 1038 3490 quod
1061 3436 1166 3474 non
1191 3419 1272 3474 illi
1298 3422 1687 3479 concesserit...
1713 3422 1953 3494 Denique
1973 3421 2019 3475 si
2039 3421 2286 3475 instituta

363 3512 596 3571 Nicaenae
617 3517 807 3589 synodi
829 3517 1110 3590 diliyenter
1137 3520 1506 3594 inspiciantur,
1536 3522 1837 3577 invenietur
1853 3517 2124 3593 profectO,
2160 3521 2284 3592 qnia

365 3608 620 3668 Romanae
656 3613 897 3671 Ecclesiae
929 3617 1132 3672 nullum
1159 3618 1342 3674 eadem
1373 3620 1604 3693 synodus
1636 3618 1851 3675 contulit
1873 3619 2279 3686 incrementum,-

365 3707 458 3762 secl
482 3711 659 3780 potius
692 3730 757 3768 ex
790 3716 900 3788 ejus
919 3715 1127 3787 forma,
1179 3718 1318 3786 quod
1352 3719 1728 3776 Alexandrinas
1754 3715 2003 3774 Ecclesiae
2031 3719 2283 3775 tribueret
