2410 4114
1005 227 1135 274 PARS
1165 225 1334 273 PRfflA.
2091 226 2118 272 9

233 335 361 392 tatis
405 332 816 403 ecclesiasticae,
887 332 986 390 sed
1047 333 1228 406 quoad
1282 339 1464 390 totum
1528 330 1764 404 hujusce
1822 329 2117 403 potestatis

231 431 530 505 obJectum.
569 429 844 486 Nimirum
886 434 1215 504 potestatem
1260 447 1484 486 omnem
1509 428 1721 502 quaein
1753 427 1998 483 Ecclesia
2035 433 2119 484 cst
2157 422 2171 437 ‘

232 534 285 584 et
326 527 699 583 ecclesiastica
739 526 851 582 dici
889 531 1091 599 potest,
1135 525 1377 583 dicimus
1412 533 1588 584 totam
1633 532 1900 600 quantam
1949 535 2138 599 penes

230 625 547 680 Romanum
589 623 906 680 Pontificem
956 622 1221 679 residere.
1282 624 1360 679 Ita
1419 631 1483 680 ut
1526 627 1656 697 jure
1708 624 1894 680 divino
1945 625 2122 680 valeat

234 738 491 776 summus
517 719 787 788 Pontifex,
817 726 871 775 et
903 719 1293 791 obligatoriam
1319 720 1499 791 legem
1525 721 1797 776 credendi
1815 721 2122 795 imponere,

233 823 287 872 et
313 815 548 872 decretis
573 815 1035 890 disciplinaribus
1061 834 1256 872 omnes
1289 817 1495 872 Christi
1518 816 1707 872 fideles
1735 817 1932 889 ligare.

309 915 362 969 5υ
404 913 575 986 Igitur
615 913 920 987 primatum
950 914 1159 970 summi
1189 914 1468 970 Pontificis
1495 914 1866 986 intelligimus
1892 919 2128 987 potesta-

234 1019 347 1068 tem
386 1013 787 1080 monarchicam,
822 1012 913 1068 cui
956 1013 1279 1086 subjaceant
1311 1012 1504 1069 fideles
1531 1030 1747 1081 omneS,
1790 1012 1904 1068 sive
1937 1011 2130 1068 distri-

234 1109 422 1164 butive
464 1109 578 1165 sive
621 1110 906 1166 collective
949 1110 1181 1184 sumpti,
1231 1110 1415 1183 quoad
1464 1128 1658 1165 omnes
1698 1108 1959 1164 materias
2006 1126 2130 1181 quae

237 1213 367 1262 sunt
392 1207 668 1280 objectum
705 1209 992 1282 potcstatis
1013 1209 1417 1265 ecclesiasticae.
1465 1209 1615 1264 Undc
1653 1207 1893 1263 breviter
1930 1208 2133 1282 prima-

236 1309 327 1359 tus
364 1304 461 1359 ille
501 1305 721 1360 definiri
763 1312 942 1379 potest
987 1328 998 1360 :
1032 1307 1274 1362 Potestas
1319 1308 1541 1378 regendi
1580 1306 1893 1361 universalis
1962 1305 2133 1377 quoad

236 1420 488 1474 personas
512 1412 559 1458 et
577 1406 747 1476 quoad
768 1408 1020 1460 materias
1038 1406 1283 1461 Ecclesiae
1299 1406 1588 1475 subjectam·
1617 1422 1715 1460 seu
1739 1404 1965 1459 brevius
1995 1425 2004 1456 :
2029 1404 2132 1459 Mo-

238 1501 481 1554 narchica
507 1503 562 1554 in
588 1503 932 1556 universalem
955 1503 1238 1558 Ecclesiam
1260 1512 1519 1574 potestas,

302 1596 425 1652 ,Hoc
454 1614 623 1652 sensu
653 1598 914 1652 Romanis
946 1598 1298 1653 Pontificibus
1340 1599 1606 1653 collatum
1645 1617 1674 1653 a
1703 1598 1922 1654 Christo
1957 1598 2137 1654 fuisse

240 1691 568 1764 primatum,
609 1699 691 1748 est
727 1692 926 1764 dogma
973 1694 1308 1748 catholicum
1350 1693 1575 1747 omnino
1615 1700 1833 1748 certum
1874 1699 1926 1748 et
1954 1699 2140 1749 tenen·

241 1786 396 1857 dum,
424 1794 586 1860 prout
603 1789 718 1844 haec
746 1806 992 1862 praesens
1026 1788 1357 1863 disceptatio
1385 1789 1809 1845 demonstrabit.

996 2131 1240 2192 CAPUT
1292 2132 1385 2190 Ill

618 2323 703 2356 ΒΕ
730 2322 1111 2356 (ΣΟΧΝΕΧΙΟΝΕ
1137 2323 1332 2356 INTER
1356 2322 1769 2366 QI'AEsrlosEM

284 2399 367 2432 DE
395 2399 679 2434 PlumA'rt‘
704 2400 919 2435 SANCTI
944 2400 1144 2432 Pss'nu
1170 2400 1250 2433 ΕΤ
1273 2398 1683 2442 Qa’AEswloxEM
1708 2398 1792 2432 DE
1818 2397 2105 2432 PRIMATU

881 2473 1121 2507 RonAxl
1145 2472 1511 2506 Poanscls.

328 2650 604 2706 Primatus
651 2651 1083 2723 jurisdictioniS,
1125 2668 1224 2706 seu
1268 2652 1623 2706 monarchica
1664 2651 1721 2704 in
1767 2649 2144 2705 universalem

253 2748 554 2804 Ecclesiam
597 2755 857 2821 potcstaS,
906 2766 1015 2802 non
1058 2747 1166 2803 alio
1193 2766 1258 2802 ex
1282 2748 1447 2803 titulo
1491 2747 1757 2803 Romanis
1791 2748 2146 2805 Pontificibus

249 2846 531 2918 competit,
563 2865 727 2919 quam
757 2846 903 2918 quod
943 2852 1129 2901 sancto
1162 2846 1317 2901 Petro
1361 2846 1608 2918 apostolo
1661 2845 1841 2918 quoad
1873 2846 2150 2919 ejusmodi

232 2943 622 3036 ‘principatum
663 2943 1048 2999 successerint.
1095 2942 1364 3014 Perpetua
1403 2942 1613 2997 scilicet
1643 2942 1900 2997 Ecclesiae
1927 2942 2150 2997 traditio

252 3046 305 3094 et
351 3040 487 3095 fides
534 3043 634 3095 hoc
677 3042 857 3095 solum
900 3042 1244 3095 successionis
1283 3036 1373 3111 jus
1408 3039 1607 3111 allegat
1642 3039 1708 3093 ad
1755 3039 2149 3094 vindicandum

251 3136 510 3191 Romanae
533 3137 649 3192 sedi
674 3138 1428 3212 jurisdictionisprimatum.
1450 3138 1584 3192 llinc
1608 3155 1810 3207 negare
1847 3136 2148 3210 primatum

256 3230 433 3283 sancti
462 3231 629 3298 Petri,
655 3240 735 3287 est
766 3233 939 3288 simul
965 3234 1067 3288 hoc
1094 3233 1214 3306 ipso
1241 3251 1444 3306 negare
1476 3233 1714 3287 Romani
1743 3229 2022 3285 Pontificis
2041 3227 2152 3300 pri-

255 3333 486 3380 matum.
519 3327 674 3397 Item,
712 3328 839 3382 licet
867 3329 1196 3384 admittatur
1219 3330 1494 3401 primatus
1518 3327 1695 3382 sancti
1726 3324 1892 3393 Petri,
1915 3329 2152 3397 negatur

254 3423 620 3478 nihilominus
639 3423 1017 3478 Romanorum
1034 3424 1362 3478 Pontificum
1390 3423 1687 3496 primatus,
1712 3421 1757 3475 si
1784 3420 2151 3476 contendatur

255 3521 436 3591 quoad
463 3519 735 3593 ejusmodi
759 3519 1062 3592 primatum
1110 3537 1201 3574 cos
1233 3525 1423 3574 sancto
1450 3520 1607 3573 Petro
1648 3536 1758 3573 non
1792 3517 2146 3574 successisse.

255 3617 420 3674 Porro
463 3617 611 3690 quod
648 3618 894 3690 primatu
929 3617 1115 3690 aliquo
1160 3624 1389 3673 sanctus
1424 3618 1617 3673 Petrus
1657 3617 1826 3673 fuerit
1864 3635 1894 3672 a
1933 3616 2149 3672 Christo
