2410 4114
279 280 308 327 6
958 272 1244 320 TRACTATUS
1273 271 1338 319 DE
1370 273 1515 319 ΡΑΡΔ.
1557 326 1559 329 .

276 384 662 449 ecelesiast2‘003
693 383 752 439 id
793 388 900 455 est,
941 381 1075 456 quia
1107 379 1322 456 placuit
1363 379 1431 436 ab
1462 377 1692 453 antiquo
1722 377 2015 455 Episcopis
2047 362 2193 435 hanc

274 463 381 559 ipsi
406 487 741 558 potestatem
783 482 1059 539 conferre.
1090 480 1363 539 Caeterum
1388 497 1557 556 posse
1584 479 1652 535 ab
1676 477 1884 535 iisdem
1911 478 2198 554 Episcopis

275 582 554 656 ejusmodi
591 580 1048 655 jurisdictionem
1088 579 1354 652 restringi
1400 598 1465 635 ac
1507 576 1677 634 etiam
1717 576 1776 632 in
1815 583 1999 634 totum
2043 594 2198 633 revo-

275 681 439 738 cari.--

351 779 492 836 Cum
538 783 730 836 autem
776 777 844 835 de
888 777 1000 835 fide
1047 777 1140 849 sit,
1192 784 1257 834 ut
1294 796 1427 834 mox
1483 776 1825 844 videbimus,
1882 774 2193 849 primatum

268 876 684 954 jurisdictionis
719 876 970 933 Romano
1019 875 1274 933 Pontifici
1308 877 1439 951 jure
1485 875 1672 931 divino
1710 892 1811 931 seu
1857 892 1924 930 ex
1960 874 2198 948 ipsamet

274 975 483 1033 Christi
508 975 867 1032 institutione
893 981 1235 1051 competere,
1253 981 1507 1032 remanet
1536 980 1780 1048 quatuor
1800 973 2047 1048 exposita
2076 989 2196 1050 sys-

273 1076 483 1130 temata
526 1073 675 1130 inter
713 1075 955 1132 haereses
991 1055 1195 1132 merito
1222 1073 1559 1150 computari.
1598 1072 1775 1130 Aliter
1799 1072 2104 1128 dicendum
2131 1071 2200 1127 de

274 1171 576 1246 posteriori
618 1172 1074 1229 adversariorum
1101 1175 1303 1231 classe.
1340 1173 1406 1229 Hi
1443 1191 1669 1248 nempe,
1705 1171 1838 1228 licet
1877 1171 2190 1247 primatum

267 1269 683 1344 jurisdictionis
727 1288 963 1328 erronee
1001 1271 1345 1346 intelligant,
1393 1271 1647 1328 nondum
1697 1276 1889 1327 tamen
1930 1277 2197 1343 tanquam

274 1365 522 1423 haeretici
552 1369 620 1423 ab
645 1367 890 1425 Ecclesia
923 1369 1177 1425 damnati
1206 1375 1363 1425 sunt.

348 1463 412 1518 Π.
458 1464 689 1520 Errores
720 1466 984 1523 Gallicani
1006 1470 1329 1539 systemati-5.
1357 1499 1427 1506 —
1451 1466 1776 1541 Systematis
1813 1466 1968 1522 illius
1999 1483 2199 1538 sequa-

271 1578 363 1619 ces
383 1563 776 1634 jurisdictionis
811 1564 1142 1639 primatum,
1175 1571 1229 1621 et
1260 1565 1492 1638 quidem
1521 1583 1551 1619 a
1579 1565 1795 1620 Christo
1832 1564 2067 1620 Domino
2095 1565 2200 1619 Ro-

271 1662 454 1718 manis
479 1661 844 1719 Pontificibus
877 1663 1169 1731 collatum,
1208 1663 1550 1719 confitentur
1579 1670 1633 1719 et
1667 1670 1898 1720 strenue
1928 1664 2199 1719 adversus

271 1760 558 1816 haereticos
599 1759 931 1816 defendunt.
959 1762 1058 1816 Ast
1086 1761 1364 1833 ejusmodi
1394 1760 1724 1835 primatum,
1754 1780 1864 1817 non
1894 1762 2126 1836 plenum
2148 1768 2199 1817 et

273 1855 586 1929 integrum,
629 1856 725 1913 sed
769 1857 1161 1933 multipliciter
1201 1865 1531 1914 truncatum
1576 1865 1628 1915 et
1675 1859 1948 1916 mutilum
1993 1859 2199 1915 intolli-

273 1961 434 2028 gunt.
468 1954 771 2027 Nimirum,

348 2053 563 2109 Primus
601 2053 875 2128 ejusmodi
918 2055 1238 2130 systematis
1277 2073 1434 2112 error
1464 2055 1523 2110 in
1551 2074 1613 2112 eo
1641 2061 1725 2112 est
1765 2057 1916 2128 quod
1943 2056 2195 2112 Romano

271 2151 524 2207 Pontifici
562 2153 869 2227 primatum
896 2153 1308 2227 jurisdictionis
1342 2154 1553 2211 tribuat
1585 2154 1939 2210 solummodo
1972 2154 2029 2209 in
2068 2155 2196 2210 uni-

269 2268 489 2307 versam
514 2250 819 2308 Ecclesiam
850 2254 1178 2309 distributive
1204 2262 1492 2327 sumptam,
1518 2271 1631 2309 non
1658 2259 1848 2310 autem
1876 2253 1936 2308 in
1966 2254 2190 2310 univer-

271 2364 393 2404 sam
438 2349 744 2406 Ecclesiam
789 2350 1061 2408 collective
1100 2360 1380 2426 sumptam.
1431 2353 1542 2408 Hae
1591 2358 1779 2409 autem
1825 2352 2189 2410 distinctione

273 2450 512 2502 utuntur
532 2447 830 2505 Gallicanae
851 2449 1133 2524 opinionis
1160 2450 1402 2525 patroni,
1426 2457 1490 2507 ut
1513 2451 1726 2524 absque
1746 2450 2191 2507 contradictione

269 2561 627 2619 propugnare
644 2545 866 2604 valeant
892 2548 1203 2605 Romanum
1232 2549 1555 2606 Pontificem
1575 2549 1810 2605 concilio
1843 2549 2189 2607 oecumenico

265 2644 576 2715 inferiorem
632 2664 784 2714 esse;
831 2665 1002 2720 quam
1044 2648 1473 2706 inferioritatem
1528 2648 1831 2706 declaravit
1874 2655 2183 2704 conventus

267 2740 403 2796 cleri
430 2759 575 2797 anno
603 2743 773 2799 1682.
804 2746 978 2818 Igitur
1007 2747 1235 2804 relative
1261 2748 1331 2803 ad
1361 2748 1669 2805 Ecclesiam
1701 2748 1970 2803 collective
2004 2765 2185 2821 sump-

266 2845 398 2907 tam,
427 2857 547 2909 seU,
583 2847 746 2914 prout
772 2841 880 2916 ipsi
912 2843 1258 2918 intelligunt,
1292 2846 1520 2902 relative
1552 2846 1619 2901 ad
1643 2845 2047 2920 Episcoporum
2072 2846 2183 2901 col-

265 2935 500 3010 legium,
520 2939 743 2995 nullum
778 2948 1091 3014 agnoscunt
1118 2943 1176 2998 in
1202 2943 1450 3000 Romano
1479 2943 1743 3000 Pontifiee
1767 2943 2182 3028 jurisdictioni-s

265 3035 600 3110 primatum,
628 3039 1083 3114 superioritatem
1109 3042 1354 3111 nullam3
1389 3044 1485 3100 sed
1527 3049 1753 3100 econtra
1784 3043 2101 3117 subjeetum
2131 3050 2183 3100 et

265 3132 590 3193 inferiorem
611 3136 818 3212 Papam
840 3140 1208 3198 contendunt.

343 3232 617 3292 Secundus
646 3254 803 3293 error
828 3236 888 3292 in
915 3255 977 3303 eo
1003 3243 1088 3295 est
1117 3239 1266 3312 quod
1289 3239 1579 3296 fallibilem
1606 3240 1947 3297 contendant
1975 3241 2177 3297 Roma-

264 3346 401 3385 num
419 3331 743 3390 Pontificem
764 3335 824 3389 in
850 3335 1081 3409 edendis
1109 3336 1238 3393 fidei
1267 3337 1723 3407 definitionibus;
1756 3338 2175 3396 infallibilitatis

263 3443 392 3481 vero
418 3432 842 3505 praerogativam
873 3434 1120 3491 residere
1156 3436 1450 3493 dumtaxat
1488 3455 1658 3512 penes
1699 3437 2031 3503 Ecclesiam,
2061 3435 2179 3491 sive

263 3533 676 3599 congregatam,
700 3530 817 3588 sive
840 3530 1175 3608 dispersam.
1203 3534 1281 3589 Ex
1307 3553 1420 3608 quo
1446 3534 1694 3609 rigorose
1715 3532 2019 3604 colligitur,
2042 3531 2176 3588 fide·

262 3619 343 3676 les
370 3638 482 3676 non
507 3627 683 3681 teneri
709 3628 779 3684 ad
805 3631 1149 3688 credendum
1171 3633 1651 3707 propositionibus
1679 3648 1708 3684 a
1734 3629 1873 3702 Papa
1900 3627 2169 3697 definitis,

261 3734 394 3775 cum
421 3730 697 3795 repugnet
726 3726 992 3799 obligatio
1029 3724 1293 3786 credendi
1324 3729 1616 3798 doctrinae,
1645 3744 1769 3800 quae
1794 3744 2025 3783 erronea
2051 3744 2175 3784 esse
