2320 4010
24 100 91 130 »df

16 92 70 178 ἑ

58 0 97 46 ζ,
130 61 134 69 .

56 69 126 124 ‘.

790 234 917 281 rins
948 232 1185 279 SECUNDA.
1841 225 1929 272 559

50 347 80 404 '«
106 349 458 421 perspectum
476 345 624 402 enim
644 341 898 409 habebat,
922 357 1033 395 non
1059 337 1240 394 solum
1264 353 1328 392 ex
1354 333 1554 390 Christi
1574 331 1788 389 Domini
1807 349 1935 404 nos-

53 466 80 496 «
112 444 182 498 tri
223 441 620 516 pollicitatione
654 439 812 494 Petro
842 434 1008 505 faeta,
1056 433 1151 490 sed
1189 432 1357 488 etiam
1402 448 1467 487 ex
1507 428 1645 486 actis
1672 428 1928 503 'priorum

52 560 81 590 «
111 538 455 607 Pontificum,
492 542 545 592 et
569 553 634 591 ex
659 529 1137 589 anathematismis
1163 528 1424 584 adversus
1444 525 1851 601 Apollinarium
1877 529 1933 580 et

55 657 82 687 «
110 635 510 703 Macedonium,
544 633 773 688 nondum
809 632 870 685 ab
907 630 1015 684 ulla
1055 628 1252 701 synodo
1294 627 1589 692 damnatos,
1635 643 1663 680 a
1702 625 1931 680 Damaso

50 750 80 781 «
107 730 272 804 paulo
296 736 455 785 antea
468 727 657 801 jactis,
669 727 866 799 judicia
884 743 978 798 pro
999 724 1284 779 sancienda
1305 723 1484 794 reyuIa
1503 722 1627 792 fidei
1657 740 1687 776 a
1706 721 1932 777 Summis

49 846 78 876 «
110 824 444 895 Pontificibus
495 824 624 889 lata,
680 837 845 893 super
888 819 1281 892 Episcoporum
1329 816 1737 871 consultatione
1794 816 1933 888 (sive

15 976 18 978 ,
49 941 76 970 «
107 937 266 975 suam
296 920 355 974 in
381 918 517 973 actis
546 915 834 971 relationis
867 913 1204 968 sententiam
1238 918 1469 985 ponant,
1497 911 1612 966 sive
1647 912 1927 978 omittant,
1979 986 1981 988 „

45 1034 75 1065 «
103 1021 268 1087 prout
295 1013 408 1068 illis
435 1010 796 1081 collibuerit),
829 1011 1006 1064 divina
1030 1026 1175 1079 aeque
1191 1025 1250 1062 ac
1280 1025 1482 1062 summa
1505 1025 1604 1078 per
1634 1009 1932 1060 universam

46 1130 74 1162 «
106 1110 389 1165 Ecclesiam
420 1110 735 1164 auctoritate
758 1108 878 1170 niti5
913 1108 993 1160 cui
1027 1107 1298 1160 christiani
1325 1123 1499 1160 omnes
1534 1123 1598 1159 ex
1632 1106 1821 1176 officie,
1853 1107 1931 1177 ip-

47 1231 75 1261 «
104 1211 213 1264 sius
259 1227 456 1281 quoque
494 1210 683 1263 mentis
730 1207 1024 1278 obsequium
1058 1212 1664 1284 praestareteneantur.
1711 1205 1783 1258 Ea
1831 1221 1931 1258 nos

48 1329 74 1358 «
105 1325 325 1379 quoque
351 1306 623 1361 sententia
650 1324 710 1359 ae
741 1303 846 1358 lide
875 1303 1102 1368 imbuti,
1135 1325 1160 1354 »
1198 1309 1301 1357 ete.

120 1405 199 1459 lbi
227 1421 483 1478 expresse
506 1404 833 1478 profitentur
859 1401 1124 1456 Gallicani
1144 1399 1419 1473 Episcopi,
1438 1398 1666 1471 judiciis
1692 1415 1789 1471 pro
1813 1415 1934 1452 san-

43 1502 237 1558 cienda
283 1502 468 1574 regula
499 1501 626 1555 fidei
659 1518 687 1554 a
720 1501 966 1555 Romano
998 1498 1263 1552 Pontitiee
1299 1496 1449 1565 latis,
1492 1495 1764 1550 inhaerere
1799 1513 1934 1549 sum-

41 1618 181 1654 mam
221 1618 280 1654 ac.
319 1601 543 1654 divinam
585 1597 993 1666 auctoritatem,
1034 1596 1125 1651 eui
1175 1613 1368 1650 omnes
1414 1603 1656 1649 tenentur
1704 1595 1930 1664 obedire,

44 1696 209 1751 etiam
237 1714 333 1768 per
358 1698 655 1767 obsequ-ium
679 1697 887 1762 inentis,
917 1693 971 1747 id
1007 1699 1113 1762 est,
1137 1710 1262 1747 vera
1290 1709 1411 1747 esse
1451 1691 1545 1745 illa
1566 1690 1778 1763 judicia
1819 1708 1934 1746 cre-

42 1791 240 1848 dendo,
271 1792 333 1845 Et
364 1791 671 1863 loquuntur
699 1790 767 1844 de
795 1789 865 1843 iis
898 1789 1066 1843 etiam
1095 1787 1322 1859 judiciis
1353 1805 1473 1859 quae
1501 1787 1711 1860 profert
1736 1787 1933 1841 Roma-

43 1905 150 1942 nus
182 1888 428 1943 Pontifex
453 1888 662 1960 absque
690 1886 889 1960 praevia
921 1886 1167 1940 ullorum
1205 1885 1606 1958 Episcoporum
1634 1885 1928 1939 sententia.

41 1986 144 2055 An,
173 2003 382 2057 quaeso,
413 1985 611 2039 fortius
646 1992 699 2039 et
722 1983 927 2038 clarius
949 1982 1193 2056 profiteri
1227 1986 1500 2055 poterant,
1527 1981 1875 2037 infallibilem
1906 2001 1935 2037 a

40 2099 102 2137 se
130 2082 356 2154 agnosci
396 2082 451 2136 in
496 2082 622 2136 fidei
665 2080 1077 2135 definitionibus
1126 2079 1439 2134 Romanum
1476 2078 1832 2134 Pontificem?
1883 2079 1936 2134 Si

44 2198 284 2235 erroneae
318 2199 434 2235 esse
476 2181 723 2235 valerent
762 2179 1038 2250 ejusmodi
1068 2178 1442 2246 definitioneS,
1480 2179 1754 2231 absonum
1781 2196 1938 2249 aeque

47 2290 112 2326 ae
139 2274 375 2345 impium
400 2275 538 2327 soret
562 2292 815 2326 summam
833 2275 913 2327 eis
936 2293 998 2328 ae
1017 2275 1241 2326 divinam
1264 2272 1650 2325 auctoritatem
1672 2272 1935 2343 tribuere,

50 2375 105 2424 et
134 2366 381 2440 singulos
411 2368 745 2423 christianos
772 2369 840 2422 ad
869 2387 1024 2424 veras
1052 2386 1143 2423 eas
1171 2368 1496 2435 eredendaS,
1527 2368 1748 2423 etiamsi
1786 2370 1936 2425 salsae

49 2464 183 2531 sint,
206 2463 497 2518 adstrictos
523 2464 682 2518 velle.

122 2562 224 2616 Sed
252 2562 556 2617 notandum
592 2562 676 2615 vel
711 2561 952 2615 maxime
985 2560 1133 2633 quod
1171 2560 1475 2633 subjiciunt
1499 2560 1765 2615 Gallicani
1792 2561 1942 2634 Epis-

45 2658 170 2731 copi
204 2658 269 2712 de
287 2657 459 2730 poenis
479 2658 535 2710 in
558 2675 649 2712 eos
670 2657 1004 2729 irrogandis,
1026 2657 1123 2728 qui
1141 2656 1532 2711 Pontificiaeilli
1549 2658 1937 2712 constitutioni

48 2755 277 2825 obsequi
315 2761 612 2809 renuerent
652 2775 662 2806 :
709 2753 947 2826 «Neque
978 2772 1127 2822 vere,
1174 2753 1459 2825 inquiunt,
1500 2772 1672 2827 poena}
1703 2755 1939 2809 deerunt.

54 2871 80 2902 «
114 2851 369 2905 adversus
396 2849 721 2905 temerarios
744 2849 894 2903 illius
917 2849 1206 2904 violatores
1234 2867 1354 2920 quae
1380 2868 1408 2903 a
1425 2849 1551 2922 jure
1571 2851 1824 2905 haereticis
1854 2851 1940 2904 in-

55 2969 82 2999 «
113 2949 404 3018 ssiguntur3
444 2948 652 3019 quibus
682 2950 868 3020 (poenis
888 2950 935 3002 in
967 2949 1238 3002 haereticos
1263 2949 1434 3019 ajure
1463 2947 1605 3018 latis)
1632 2950 1786 3020 juxta
1810 2966 1941 3001 eon-

50 3066 81 3095 «
113 3043 416 3098 stitutionis
447 3050 694 3099 tenorem
729 3050 780 3099 et
812 3045 976 3100 Breve
1008 3045 1318 3100 sanctitatis
1343 3051 1538 3099 vestra}
1564 3044 1723 3097 nobis
1761 3044 1938 3098 direc-

55 3163 81 3192 «
112 3147 255 3209 tum,
300 3146 661 3195 contumaees
703 3161 916 3211 omnes,
943 3143 1107 3197 -uullo
1141 3141 1525 3196 conditionum
1565 3140 1646 3192 vel
1689 3146 1934 3197 statuum

0 3295 1 3302 ἵ
52 3257 82 3286 «
114 3235 442 3289 discrimine
480 3236 641 3307 facte,
677 3237 1135 3308 perstringemus.
1171 3257 1197 3285 »
1243 3235 1388 3288 Adeo
1428 3236 1631 3288 liabent
1671 3235 1927 3290 Innocen-

54 3331 115 3385 tii
157 3331 197 3383 X
230 3331 580 3386 definitiones
619 3350 715 3404 pro
763 3331 1176 3407 infallibilibus,
1220 3346 1281 3384 ae
1324 3331 1390 3383 de
1431 3330 1535 3384 fide
1572 3331 1846 3399 tenendiS,
1876 3339 1939 3388 ut

45 3429 264 3499 justum
307 3435 562 3501 reputent
589 3428 767 3502 poenis
804 3427 861 3481 in
908 3429 1170 3483 haereticos
1205 3445 1234 3481 a
1255 3427 1381 3500 jure
1405 3427 1531 3483 latis
1553 3446 1643 3483 eos
1670 3429 1938 3502 perstrin-

50 3542 198 3597 gere,
228 3525 322 3596 qui
349 3527 578 3597 obsequi
599 3531 853 3580 renuent,
879 3524 939 3578 Et
969 3524 1043 3579 ita
1069 3530 1280 3593 tenent,
1309 3543 1417 3579 non
1445 3531 1660 3580 tantum
1682 3527 1937 3598 quamvis

54 3621 207 3677 nulla
234 3621 506 3693 generalis
534 3621 779 3695 synodus
812 3620 933 3675 illas
960 3620 1263 3676 Innocentii
1289 3621 1328 3675 X
1356 3620 1703 3678 definitiones
1739 3623 1936 3679 contir-
