2372 4108
371 188 460 241 140
1038 179 1331 230 TRACTATUS
1361 178 1428 229 DE
1458 180 1604 230 PAPA.

371 294 477 355 Sed
497 290 761 368 quoniam
780 286 1014 345 diversae
1032 284 1210 360 partis
1234 283 1516 343 obstinata
1535 290 1590 343 et
1610 283 1935 344 inflexibilis
1952 287 2277 365 pertinacia,

375 412 487 452 non
509 397 727 449 tantum
768 385 977 444 radicis
1015 391 1068 445 et
1095 385 1355 444 matricis
1394 385 1586 443 sinum
1612 391 1782 463 atque
1806 389 2170 464 complexum
2196 409 2285 450 re·-

372 489 614 559 cusavit,
654 485 754 544 sed
795 485 1042 544 etiam...
1094 487 1419 546 adulterum
1460 492 1515 544 et
1545 486 1896 546 contrarium
1940 496 2109 565 caput
2133 495 2286 550 extra

369 584 677 644 Ecclesiam
707 585 913 644 fecit...
945 607 973 640 »
1021 585 1285 662 (Epistola
1316 585 1384 643 ad
1427 583 1751 644 Cornelium
1792 605 1893 658 xm,
1936 586 1997 645 in
2033 587 2286 649 editione

364 685 624 754 Pamelii;
647 685 807 744 -in
826 687 1136 762 Patroloqia
1152 687 1332 762 Migne
1363 693 1514 744 tomo
1541 687 1629 757 ΙΙΙ,
1660 688 1766 745 601.
1801 687 1960 762 705).
1990 688 2191 764 Agitur
2207 689 2285 748 ihi

364 786 433 847 de
458 787 802 847 NovatianiS.
849 788 914 845 Ut
951 788 1156 845 horum
1199 787 1695 845 schismaticorum
1724 788 1974 847 reditum
2000 789 2069 847 ad
2109 790 2288 848 Eccle-

359 890 454 944 siae
494 888 765 947 catholicae
803 888 1080 946 unitatem
1141 894 1473 963 procuraret
1519 888 1853 966 CyprianuS‚
1897 889 2133 947 Romam
2180 891 2285 947 mi-

362 991 511 1044 serat
538 988 845 1045 nonnullos
863 987 1157 1046 Africanos
1186 987 1510 1062 EpiscopOS‚
1540 987 1634 1063 qui
1653 987 1712 1044 in
1737 987 1793 1044 id
1814 1005 2045 1063 operam
2063 988 2286 1064 impen-

361 1088 580 1145 derent.
622 1087 729 1145 Sed
768 1087 1062 1146 Novatiani
1112 1092 1457 1146 recusarunt
1498 1089 1693 1146 radicis
1743 1095 1794 1147 et
1822 1092 2058 1146 matricis
2095 1089 2286 1147 sinum

360 1193 528 1263 atque
556 1188 949 1265 complexum3
983 1188 1158 1247 immo
1190 1189 1300 1247 sibi
1330 1190 1752 1248 constituerunt
1779 1199 1935 1265 caput
1961 1192 2286 1250 adulterum

361 1292 514 1346 extra
542 1287 878 1357 Ecclesiam,
911 1287 969 1342 id
1004 1293 1111 1359 est,
1152 1287 1548 1346 Novatianum.
1577 1288 1856 1346 Hoc-dicit
1893 1289 2201 1366 Cyprianus
2228 1289 2288 1347 in

326 1372 329 1373 ⁷
360 1384 530 1444 citato
555 1390 734 1442 textu.
762 1386 934 1441 Porro
959 1386 1130 1442 verba
1154 1387 1271 1442 haec
1300 1385 1565 1442 Romanae
1591 1385 1749 1442 Sedis
1765 1386 2286 1459 jurisdictionalem

359 1484 669 1559 primatum
709 1490 979 1557 arguunt.
1034 1485 1170 1541 Nam
1217 1485 1355 1542 dicit
1402 1484 1711 1560 Cyprianus
1753 1503 1850 1543 eos
1897 1486 2286 1546 schismaticos

358 1603 474 1645 non
501 1584 742 1643 rediisse
772 1585 840 1641 ad
866 1585 1119 1643 Ecclesiae
1145 1586 1410 1643 catholicae
1433 1589 1713 1660 unitatem,
1739 1587 1870 1662 quia
1889 1594 2289 1646 recusaverant

363 1684 554 1741 sinum
578 1685 774 1742 radicis
805 1691 859 1741 et
883 1687 1145 1755 matricis,
1168 1693 1222 1742 et
1248 1685 1379 1759 quia
1409 1669 1517 1742 sibi
1541 1686 1957 1745 constituerant
1981 1698 2137 1763 caput
2156 1689 2288 1746 huic

360 1781 539 1839 radici
578 1788 630 1838 et
665 1780 888 1838 matrici
924 1783 1268 1839 contrariam.
1300 1781 1380 1837 Ibi
1411 1781 1663 1855 profecto
1692 1800 1793 1856 per
1831 1786 2061 1841 radicem
2095 1792 2149 1842 et
2175 1805 2287 1843 ma-

370 1881 550 1937 tricem
572 1878 841 1954 intelligit
865 1879 1176 1935 Romanam
1205 1878 1514 1936 Ecclesiam
1540 1903 1549 1947 3
1580 1886 1632 1936 et
1659 1880 1929 1955 supponit
1967 1891 2122 1955 caput
2144 1882 2286 1957 legi-

370 1979 575 2039 timum
606 1982 819 2056 (contra
843 1979 991 2054 quod
1018 1979 1126 2036 sibi
1158 1979 1314 2036 aliud
1341 1980 1639 2036 adulteram
1662 1979 1951 2036 Novatiani
1980 1981 2287 2040 constitue-

367 2082 516 2154 rant)
553 2098 677 2137 esse
710 2080 1021 2155 ipsummet
1061 2079 1383 2137 Cornelium
1412 2097 1637 2154 papam,
1693 2078 1784 2136 cui
1832 2097 1956 2137 sese
2008 2079 2284 2154 subjicere

363 2181 535 2239 iidem
566 2180 858 2238 Novatiani
889 2185 1219 2238 renuerant.
1251 2179 1426 2254 Igitur
1448 2180 1716 2237 censebat
1738 2180 2070 2259 CyprianuS‚
2099 2179 2286 2238 Eccle·
2321 2214 2327 2221 ·

367 2282 507 2339 siam
538 2282 846 2338 Romanam
876 2299 999 2337 esse
1025 2282 1257 2337 radicem
1283 2286 1337 2336 et
1381 2283 1654 2337 matricem
1698 2280 1874 2337 totius
1902 2281 2166 2338 Ecclesiae
2200 2299 2286 2339 ca·

363 2380 619 2448 tholicae;
652 2385 706 2436 et
740 2379 887 2436 sicut
931 2378 1273 2436 Novatianus
1306 2378 1412 2436 fuit
1460 2387 1617 2453 caput
1655 2388 1810 2435 extra
1865 2379 2176 2447 Ecclesiam,
2208 2378 2285 2435 ita

360 2479 676 2535 Romanum
706 2479 1042 2554 Episcopum
1077 2495 1200 2535 6336
1228 2486 1384 2553 caput
1412 2480 1465 2534 in
1491 2479 1729 2535 Ecclesia
1745 2501 1762 2544 ;
1792 2484 1846 2537 et
1869 2498 1964 2537 eos
1983 2478 2079 2554 qui
2100 2478 2284 2535 adhae-

356 2582 486 2635 rent
508 2578 677 2634 radici
707 2596 770 2633 ac
807 2579 1036 2650 matrici,
1070 2576 1127 2634 id
1149 2582 1257 2650 est,
1285 2578 1547 2634 Romanae
1576 2577 1859 2651 Ecclesiae,
1894 2594 2116 2633 necnon
2141 2575 2282 2648 legi-

356 2677 494 2734 timo
522 2681 703 2752 capiti,
732 2678 789 2735 id
815 2684 900 2736 est
934 2679 1181 2735 Romano
1220 2679 1513 2754 EpiscopO,
1547 2697 1674 2736 6336
1715 2681 1769 2734 in
1802 2680 2003 2734 imitate
2034 2677 2284 2733 Ecclesiae

359 2776 629 2832 catholicae
650 2800 666 2842 ,·
690 2795 784 2834 eos
804 2796 930 2834 vero
955 2777 1053 2851 qui
1074 2777 1155 2834 sic
1178 2796 1293 2835 non
1318 2779 1627 2850 adhaerent,
1645 2796 1772 2835 esse
1799 2783 1952 2834 extra
1969 2775 2278 2833 Ecclesiam

356 2875 717 2933 catholicam.
743 2876 984 2932 Proinde
1013 2878 1352 2950 agnoscebat
1382 2878 1689 2952 Cyprianus
1713 2880 1807 2953 jus
1837 2877 1994 2934 Sedis
2020 2878 2283 2933 Romanae

355 2975 613 3049 exigendi
638 2977 707 3034 ab
734 2977 998 3033 omnihus
1036 2977 1212 3034 totius
1242 2977 1398 3034 orbis
1441 2977 1728 3046 fidelibus,
1759 2981 1821 3031 ut
1863 2976 1969 3032 sibi
2004 2982 2278 3050 tanquam

357 3077 516 3150 capiti
540 3076 865 3132 adhaereant
897 3093 961 3132 ac
995 3074 1340 3149 subjaceant.
1370 3075 1470 3131 Jus
1498 3080 1687 3132 autem
1714 3073 1865 3131 istud
1890 3092 2085 3131 secum
2115 3073 2286 3130 insert

352 3172 771 3248 jurisdictionis
801 3172 1138 3248 primatum,
1164 3179 1227 3230 ut
1257 3177 1433 3248 patet.

436 3274 492 3332 6.
525 3273 791 3330 Eamdem
815 3273 1072 3350 Cypriani
1107 3272 1423 3331 doctrinam
1455 3273 1812 3331 manifestam
1847 3273 1981 3331 facit
2015 3273 2197 3349 ipsius
2221 3271 2284 3329 li-

362 3373 484 3448 ber,
509 3374 574 3430 de
602 3373 815 3432 Unitate
837 3372 1172 3449 inscriptuS,
1207 3373 1368 3449 cujus
1397 3374 1514 3432 baec
1542 3393 1768 3432 summa
1794 3380 1897 3432 est.

439 3473 642 3545 Primo,
685 3473 883 3531 videns
938 3473 1199 3531 diabolus
1246 3473 1623 3532 idololatriam
1660 3473 1996 3547 derelinqui,
2025 3472 2286 3530 excitavit

367 3568 607 3629 haereses
634 3593 645 3627 :
679 3594 706 3626 «
736 3572 880 3639 Quid
896 3591 1028 3632 vero
1050 3574 1298 3632 astutius
1321 3593 1491 3650 quam
1521 3580 1660 3632 ut...
1685 3573 1878 3630 videns
1897 3572 1994 3629 ille
2012 3572 2161 3630 idola
2188 3573 2283 3630 de-

376 3685 403 3718 «
427 3668 619 3727 relicta
659 3677 715 3729 et
761 3690 863 3747 per
906 3672 1154 3731 nimium
1180 3673 1540 3731 credentium
1566 3671 1842 3748 populum
1869 3671 2032 3730 sedes
2055 3689 2187 3730 suas
2220 3689 2284 3728 ac
