2410 4114
973 290 1099 336 PARS
1131 289 1302 337 PRIMA.
2033 289 2088 334 27

194 399 332 464 erat.
381 411 450 449 ne
491 394 674 451 adhuc
715 394 1038 451 adolescens
1083 411 1147 449 ac
1202 411 1346 469 pene
1390 411 1530 470 puer
1572 410 1877 469 progressae
1914 394 2091 450 aetatis

197 491 518 548 hominihus
547 492 903 567 praeferretur
936 512 964 543 »
1014 490 1095 563 (In
1124 490 1305 546 Jovin.
1346 491 1446 547 lib.
1492 491 1559 563 1).
1598 522 1668 531 —-·
1706 490 1892 549 «Petri
1922 490 2091 563 largi-

197 595 287 645 tus
306 597 388 645 est
416 608 644 661 nomen,
672 608 735 646 ac
765 586 1072 645 secundum
1093 590 1479 662 metaphoram
1512 594 1682 663 petrae
1713 594 1864 645 recte
1888 589 2094 646 dicitur

194 685 244 741 ei
283 707 294 742 :
326 687 622 743 AEditicabo
647 685 947 741 Ecclesiam
974 701 1158 740 meam
1200 701 1369 757 super
1402 690 1458 739 te
1490 707 1518 737 »
1559 686 1640 758 (in
1673 705 1866 760 evang.
1895 687 2088 743 Matth.

194 801 313 857 cap.
347 783 462 854 16).
489 814 567 822 —
599 804 627 834 «
662 781 803 847 Quid
834 782 1049 838 Platoni
1083 786 1136 837 et
1172 780 1364 836 Petro?
1404 781 1469 836 Ut
1512 780 1607 835 ille
1642 782 1793 836 enirn
1832 783 2090 859 princeps

192 878 668 953 philosophorum,
715 879 792 934 ita
831 879 922 934 hic
951 877 1341 954 Apostolorum
1365 876 1492 949 fuit,
1524 868 1691 951 super
1720 894 1887 950 quem
1916 879 2092 934 Eccle-

193 975 344 1031 sia...
381 975 612 1031 fundata
637 981 716 1031 est
739 998 766 1029 »
804 975 924 1049 (lib.
951 976 973 1030 I
996 975 1261 1031 adversus
1292 973 1661 1047 Pelagianos).

265 1072 318 1128 S.
371 1073 621 1131 HILARmS.
658 1106 727 1115 —
771 1095 799 1127 «
840 1073 880 1128 O
913 1073 971 1128 in
1012 1072 1435 1148 nuncupatione
1485 1072 1614 1128 novi
1659 1072 1911 1128 nominis
1959 1073 2090 1128 felix

191 1164 441 1226 Ecclesiae
466 1171 921 1243 fundamentum,
956 1171 1238 1245 dignaque
1277 1171 1644 1226 {edificatione
1684 1170 1840 1226 illius
1873 1171 2031 1227 Petra
2061 1191 2087 1223 »

200 1267 278 1339 (in
311 1267 511 1340 Evang.
548 1268 743 1325 Matth.
777 1286 899 1343 cap.
943 1288 1032 1336 xv,
1067 1287 1123 1323 n.
1178 1268 1260 1339 6).
1302 1302 1371 1309 —
1428 1287 1455 1320 «
1491 1267 1791 1323 Petrum...
1838 1267 2092 1324 Ecclesiae

193 1365 645 1436 fundamentum,
699 1367 937 1424 coelestis
991 1367 1151 1439 regni
1206 1366 1511 1440 janitorem
1551 1388 1578 1419 »
1614 1366 1692 1436 (in
1736 1366 1880 1422 Psal.
1920 1385 2089 1434 cxxx1‚

195 1481 251 1520 n.
295 1464 373 1536 4).

268 1561 398 1614 Zeno
433 1561 681 1614 Emscopus
722 1559 1041 1614 VenoNENsm.
1087 1591 1161 1599 —-
1197 1579 1224 1610 «
1267 1560 1382 1614 Non
1422 1559 1540 1613 sine
1586 1558 1804 1614 ratione
1853 1559 2089 1629 Simoni,

192 1674 348 1727 super
392 1674 541 1727 quem
588 1657 865 1727 aedificavit
924 1654 1233 1724 Ecclesiam,
1283 1656 1476 1710 Petrus
1518 1673 1723 1710 nomen
1755 1656 2024 1730 imposuit
2062 1679 2088 1710 »

194 1750 363 1825 (apud
407 1751 701 1819 Mamachi,
765 1751 1010 1822 Oriyines
1065 1752 1378 1818 christianae,
1437 1756 1480 1805 t.
1527 1751 1588 1818 V,
1649 1770 1705 1824 p.
1768 1751 1901 1821 157,
1953 1754 2087 1809 edit.

191 1848 376 1904 Romae
408 1849 600 1919 1755).

266 1946 319 2000 S.
353 1946 676 2003 Ancnsmus.
718 1979 790 1988 —
820 1967 847 1998 «
884 1945 1039 2010 Quod
1079 1945 1248 2002 etiam
1294 1964 1397 2001 nos
1439 1945 1498 2000 in
1524 1945 1830 2021 Scripturis
1880 1948 2090 2005 sanctis

193 2043 514 2113 didicimuS,
545 2044 869 2118 Apostolum
899 2044 1146 2113 Petrum,
1170 2044 1227 2098 in
1255 2062 1366 2116 quo
1397 2044 1676 2118 primatus
1699 2044 2088 2118 Apostolorum

195 2146 307 2195 tam
339 2140 630 2196 excellenti
657 2141 834 2214 gratia
860 2141 1250 2215 praeeminet...
1277 2163 1303 2195 »
1331 2141 1420 2214 (de
1445 2141 1749 2215 Baptismo,
1777 2141 1902 2210 1.1{‚
1924 2162 1972 2198 0.
2008 2143 2084 2215 1).

273 2236 466 2292 «Puto
489 2236 638 2309 quod
677 2237 795 2292 sine
829 2238 946 2293 ulla
995 2238 1084 2294 sui
1123 2238 1462 2294 contumelia
1504 2238 1813 2312 Cyprianus
1863 2237 2090 2313 Episco-

193 2352 296 2407 pus
322 2334 476 2390 Petro
509 2336 759 2409 apostolo
794 2343 1176 2410 comparatur,
1205 2342 1482 2408 quantum
1509 2336 1708 2392 attinet
1743 2337 1811 2391 ad
1832 2336 2089 2410 martyrii

193 2428 451 2499 gloriam.
484 2430 749 2485 Caeterum
792 2432 971 2504 magis
997 2432 1176 2488 vereri
1208 2432 1403 2502 debe0,
1437 2450 1506 2487 ne
1533 2432 1590 2486 in
1624 2433 1849 2488 Petrum
1892 2440 2090 2488 contu-

196 2526 461 2581 meliosus
491 2527 748 2583 existam.
768 2529 901 2591 Quis
928 2530 1079 2584 enim
1109 2531 1306 2599 nescit,
1343 2531 1503 2584 illum
1546 2530 1903 2603 Apostolatus
1935 2530 2088 2601 prin—

194 2623 438 2696 cipatum
479 2623 708 2679 cuilibet
744 2624 1088 2699 episcopatui
1127 2625 1579 2696 praeferendum?
1620 2626 1723 2680 Sed
1771 2627 1875 2680 etsi
1919 2625 2091 2681 distat

198 2721 590 2777 cathedrarum
622 2722 818 2794 gratia,
853 2740 967 2777 una
996 2729 1289 2777 esttamen
1334 2729 1646 2796 martyrum
1681 2722 1913 2795 gloria»
1947 2723 2088 2794 (loco

199 2818 411 2891 citato).
449 2841 475 2871 «
506 2820 920 2876 Observandum
962 2820 1235 2891 hocloco,
1282 2820 1357 2876 ait
1395 2821 1794 2891 Bellarminus,
1841 2822 2085 2878 multum

196 2916 425 2972 omnino
478 2935 542 2972 ex
597 2917 867 2973 sententia
924 2917 1219 2990 Augustini
1256 2917 1399 2973 Petri
1447 2918 1770 2973 cathedram
1823 2924 2088 2992 praestare

195 3013 618 3087 particularium
664 3014 1061 3089 Episcoporum
1101 3015 1405 3081 cathedris3
1453 3034 1582 3071 cum
1618 3015 1828 3071 veritus
1874 3016 1968 3086 sit,
2017 3034 2084 3071 ne

195 3110 590 3165 contumeliam
633 3109 788 3165 Petro
821 3109 1103 3166 videretur
1142 3110 1342 3179 facere,
1386 3111 1433 3166 si
1466 3130 1595 3166 cum
1635 3130 1698 3167 eo
1730 3118 2081 3185 compararet

195 3203 557 3279 Cyprianum3
616 3207 713 3280 qui
757 3214 946 3262 tamen
999 3227 1109 3264 non
1166 3210 1346 3265 solum
1400 3210 1729 3284 EpiscopuS‚
1781 3210 1877 3264 scd
1908 3209 2077 3263 etiam

195 3301 411 3374 primus
437 3309 554 3358 erat
574 3303 746 3358 totius
769 3303 985 3361 Africae.
1007 3305 1324 3362 Notandum
1344 3323 1588 3378 quoque,
1617 3311 1842 3377 putasse
1870 3303 2080 3376 Augus-

194 3398 372 3454 tinum
411 3416 571 3474 posse
615 3402 926 3476 comparari
959 3402 1292 3476 martyrium
1331 3401 1586 3478 Cypriani
1636 3419 1765 3455 cum
1807 3400 2076 3475 martyrio

190 3495 353 3564 Petri,
390 3496 515 3553 licet
542 3498 685 3553 Petri
726 3504 867 3554 esset
895 3499 1072 3554 multo
1099 3498 1369 3576 nobilius,
1399 3497 1530 3569 quia
1558 3496 1616 3550 in
1648 3496 1839 3552 eodem
1875 3515 2075 3570 genere

190 3600 318 3650 sunt
346 3603 652 3672 martyrum
686 3597 909 3670 palmae3
937 3603 990 3653 at
1021 3595 1275 3674 Cypriani
1305 3595 1492 3651 sedem
1518 3613 1629 3650 non
1654 3611 1815 3668 posse
1833 3594 2071 3650 conferri

188 3707 315 3747 cum
342 3693 469 3748 sede
487 3693 652 3764 Petri,
683 3694 813 3767 quia
844 3712 953 3750 non
983 3693 1163 3749 solum
1193 3692 1349 3748 sedes
1383 3691 1527 3748 Petri
1559 3696 1640 3747 est
1671 3690 1914 3747 nobilior
1943 3689 2070 3746 sede
