2320 4010
910 236 1037 283 PARS
1066 234 1237 283 PRIMA.
1930 229 2018 278 185

116 335 284 406 ¹dicta
309 345 541 404 Romani
564 343 837 401 Pontificis
852 343 1038 417 quoad
1057 338 1462 416 appellationes
1492 343 1757 415 potestas,
1794 343 1860 395 ut
1909 337 2015 393 Eu-

139 446 390 505 sebianos
429 444 771 517 sycophantas
806 444 1022 510 vocent,
1066 455 1130 495 eo
1168 436 1318 510 quod
1357 435 1491 492 Julii
1516 453 1671 512 papae
1689 434 1923 511 judicio,
1953 434 2013 491 in

136 564 303 604 causa
335 541 723 620 appellationis
749 537 1058 608 Athanasii,
1087 541 1235 592 stare
1260 534 1568 592 noluerint.
1605 533 1745 591 Sane
1771 533 1818 591 si
1848 533 2016 591 hocce

126 645 223 719 jus
262 642 506 700 indebite
542 640 648 696 sibi
683 641 1005 711 usurpasset
1047 634 1335 690 Romanus
1377 632 1649 702 Pontifex,
1692 649 1804 688 non
1826 631 2016 688 redar'-

134 742 337 817 guendi
381 739 475 797 sed
524 737 709 814 potius
743 732 1011 792 laudandi
1043 731 1283 788 fuissent
1339 728 1664 798 Eusebiani,
1721 731 1872 802 quod
1916 730 2014 787 tali

128 835 473 911 usurpationi
526 832 879 890 restitissent.
926 830 1020 886 Ast
1058 845 1152 884 eos
1193 845 1224 883 e
1258 831 1451 882 contra
1495 825 1575 881 sic
1616 826 2014 899 perstringunt

126 932 474 990 Sardicenses
501 930 684 986 Patres
739 927 796 983 in
843 924 1099 1001 synodica
1148 940 1248 979 sua
1289 921 1521 996 epistola
1549 921 1617 976 ad
1648 938 1826 976 omnes
1855 921 2017 993 Epis-

129 1048 281 1104 copos
304 1049 314 1081 :
340 1049 366 1081 α
395 1028 531 1083 Cum
560 1026 734 1099 igitur
766 1022 1106 1098 jampridem
1137 1021 1351 1077 litteras
1377 1037 1510 1076 suas
1543 1018 1914 1075 accusatrices
1945 1018 2014 1074 de

127 1125 420 1183 Athanasio
442 1130 494 1181 et
519 1122 765 1179 Marcello
790 1127 845 1178 et
869 1121 1098 1194 Asclepa
1134 1117 1536 1174 comministris
1585 1116 1815 1186 nostris,
1841 1115 2008 1171 Euse-

128 1224 275 1282 biani
301 1223 368 1278 ad
394 1222 604 1278 Julium
635 1220 894 1275 Romanae
911 1216 1166 1273 Ecclesiae
1192 1215 1525 1289 Episcopum
1569 1214 1880 1283 misissent,
1910 1212 2007 1268 alii

129 1338 348 1393 quoque
369 1337 432 1374 ex
459 1319 582 1374 aliis
599 1317 735 1374 locis
761 1315 1017 1390 Episcopi
1038 1315 1106 1369 ad
1122 1313 1379 1370 cumdem
1399 1312 1608 1367 Julium
1637 1311 1852 1367 litteras
1876 1329 2005 1367 suas

130 1418 420 1486 miserunt,
448 1417 652 1488 quibus
683 1420 735 1470 ct
754 1413 1036 1469 Athanasii
1066 1411 1444 1467 innocentiam
1477 1416 1528 1466 et
1554 1410 1999 1465 Eusebianorum

129 1514 539 1593 sycophantiam
564 1512 1032 1568 contestabantur.
1061 1510 1120 1565 Et
1146 1527 1467 1581 quanquam
1494 1508 1547 1563 id
1575 1509 1649 1563 ita
1676 1526 1817 1579 esse,
1846 1526 1911 1563 ex
1938 1527 1998 1563 eo

123 1615 384 1688 praecipue
414 1612 647 1682 coquo-sci
666 1611 856 1682 potuit,
899 1608 1033 1679 quod
1067 1609 1302 1662 accersiti
1325 1626 1356 1661 a
1381 1607 1566 1661 dilecto
1592 1615 1768 1661 nostro
1801 1609 2003 1661 commi-

123 1713 282 1765 nistro
303 1708 461 1778 Iulia,
479 1708 673 1779 judicio
699 1724 798 1760 non
822 1713 1098 1771 steterunt,
1133 1710 1183 1758 et
1210 1722 1274 1758 ex
1299 1705 1472 1777 ipsius
1490 1704 1623 1760 Julii
1650 1705 1851 1760 litteris
1880 1723 1998 1760 ma-

120 1806 316 1861 nifesta
360 1804 583 1858 illorum
625 1802 981 1878 sycophantia
1024 1801 1319 1874 apparuit:
1349 1802 1711 1857 accessissent
1761 1802 1911 1856 enim
1950 1802 1996 1856 si

115 1907 361 1956 actorum
392 1917 617 1955 suorum
657 1897 713 1951 in
751 1880 1163 1952 comministros
1203 1903 1422 1952 nostros
1461 1897 1723 1952 fiduciam
1764 1897 1991 1952 habuis-

116 2003 235 2053 sent
267 2019 294 2050 »
350 1995 738 2071 (Conciliorum
788 1995 962 2050 Labbe
998 2001 1039 2051 t.
1090 1994 1163 2065 11,
1205 1995 1309 2049 col.
1355 1994 1503 2065 670,
1556 1995 1688 2051 edit.
1737 1995 1989 2068 ParisiiS,

119 2096 305 2167 1671t

195 2192 418 2264 Objectio
475 2192 718 2246 secunda.
764 2224 832 2231 —
874 2189 1228 2246 Sardicenses
1281 2208 1515 2246 canones
1562 2208 1673 2246 non
1738 2191 1996 2248 tribuunt

120 2290 365 2344 Romano
390 2287 635 2342 Pontifici
665 2292 991 2360 potestatem
1015 2287 1301 2360 judicandi
1327 2307 1424 2360 per
1444 2291 1670 2361 seipsum
1705 2288 1995 2363 synodales

124 2383 421 2438 sententias
454 2400 481 2435 a
512 2382 715 2453 quibus
757 2382 861 2436 suit
894 2382 1255 2455 appellatum,
1298 2385 1393 2438 sed
1437 2385 1704 2440 duntaxat
1741 2385 1997 2440 mittendi

124 2480 331 2551 legatos
358 2502 367 2542 3
409 2483 668 2532 caeterum
712 2494 936 2531 causam
977 2495 1095 2532 esse
1119 2478 1482 2550 judicandam
1515 2480 1570 2534 in
1597 2481 1837 2553 pleniori
1869 2499 1997 2536 con-

123 2572 272 2643 cilio,
309 2572 396 2628 cui
433 2572 693 2628 intersint
722 2571 813 2627 isti
850 2572 1039 2645 legati,
1070 2590 1197 2627 cum
1224 2573 1506 2647 Episcopis
1533 2593 1597 2630 ex
1627 2575 1827 2630 vicinia
1863 2594 1992 2631 con-

121 2672 342 2728 vocatiS.

197 2768 498 2841 Respondeo
525 2767 576 2822 1Ο
603 2789 612 2820 :
653 2766 1032 2821 Falsissimam
1064 2784 1185 2822 esse
1220 2769 1361 2823 hanc
1387 2768 1799 2825 Sardicensium
1827 2787 1989 2826 cano-

123 2882 252 2918 num
297 2862 802 2936 interpretationem
857 2862 1049 2934 probat
1095 2862 1177 2918 vel
1211 2864 1329 2937 ipsa
1372 2865 1592 2920 concilii
1642 2866 1987 2923 Sardicensis

123 2960 315 3031 agendi
353 2961 489 3015 ratio
536 2978 663 3031 erga
712 2959 915 3015 lulium
965 2978 1182 3033 papam.
1213 2962 1261 3016 Is
1288 2979 1487 3036 nempe
1514 2964 1831 3040 synodalem
1862 2981 1989 3018 sen-

124 3055 348 3110 tentiam
403 3061 589 3110 contra
649 3056 1007 3111 Athanasium
1064 3057 1330 3129 prolatam
1384 3059 1720 3130 resciderat,
1767 3078 1879 3114 non
1928 3059 1986 3113 in

122 3151 340 3206 Oriente
375 3170 435 3205 ac
477 3151 530 3206 in
566 3152 796 3226 pleniori
842 3153 1046 3227 synodo
1094 3156 1442 3212 adstantibus
1479 3158 1673 3229 legatis
1705 3157 1844 3227 suiS,
1892 3157 1988 3211 sed

121 3249 322 3303 Romze.
343 3248 451 3303 Huc
479 3266 672 3321 nempe
695 3250 1047 3306 Athanasium
1069 3258 1120 3308 et
1143 3252 1437 3326 Episcopos
1464 3255 1699 3325 quicum
1728 3253 1990 3328 synodice

120 3344 643 3411 condemnaverant,
673 3346 1046 3414 accersiverat,
1082 3353 1142 3402 ut
1162 3349 1736 3420 utrosquejudicaret.
1767 3349 1828 3405 Et.
1855 3349 1985 3423 quia

121 3439 415 3494 Fusebiani
453 3441 580 3509 huic
611 3441 740 3495 Julii
762 3441 969 3515 judicio
1010 3448 1153 3497 stare
1176 3450 1495 3510 renuerant,
1517 3445 1869 3521 sycophantae
1893 3465 1984 3502 vo-

119 3543 361 3591 cantura
390 3536 699 3592 Sardicensi
727 3538 981 3593 concilio.
1021 3538 1194 3610 Igitur
1223 3540 1598 3597 indubitatum
1627 3560 1853 3617 prorsus
1876 3543 1982 3600 fuit

119 3633 536 3691 Sardicensibus
573 3634 848 3711 patribuS,
885 3635 1124 3693 liberum
1166 3654 1285 3694 esse
1328 3638 1572 3695 Romano
1613 3640 1880 3712 Pontifici,
1918 3646 1982 3699 ut
