2320 4010
251 137 342 184 6¹8
461 143 475 150 ·
929 128 1222 176 TRAcrArus
1252 128 1320 174 ΒΕ
1349 106 1508 177 ΡΑΡΑ.’
1597 192 1606 199 ,

253 261 281 292 «
313 254 423 314 peu
442 237 511 294 de
535 244 745 311 tempS‚
773 235 866 292 s’il
890 235 1096 293 n'avait
1117 235 1309 311 appris
1329 254 1435 312 par
1459 236 1748 312 plusieurs
1771 255 2085 314 personnes
2106 243 2176 301 de

250 357 278 391 «
308 333 725 392 consideration
755 351 854 407 que
892 341 1004 390 tout
1048 334 1096 390 le
1115 335 1308 391 monde
1329 343 1410 392 est
1425 336 1702 410 persuade'
1716 335 1907 410 qu’elle
1943 340 2176 396 contient

250 437 574 508 «beaucoup
602 435 668 490 cle
708 435 891 491 choses
930 436 1222 491 contraires
1262 453 1372 492 aux
1414 435 1626 492 liberte's
1670 437 1738 492 de
1770 421 1983 511 l’quise
2023 439 2177 513 qant-

249 556 276 587 ε(
308 552 462 603 cane,
495 552 606 590 aux
637 533 737 590 lois
781 534 1162 609 duroyannw,
1201 553 1311 591 aux
1349 537 1650 592 immunite's
1682 536 2046 609 personnelles
2088 538 2179 613 des

249 654 276 685 «
309 621 566 706 Ευὲᾳιι63,
593 641 644 689 et
684 633 872 706 qu'elle
899 635 971 690 les
1000 635 1266 708 cle'pouille
1294 635 1359 691 de
1383 634 1663 692 l'autorite'
1682 639 1865 692 sacre'e
1893 637 2049 710 qu'ils
2087 644 2181 693 ont

228 753 275 790 ‚«
306 750 461 797 reeue
483 732 934 789 immediatement
960 734 1025 789 cle
1058 733 1451 804 Je'sus-Ghrtst,
1480 753 1620 808 pour
1635 735 1789 808 juqer
1813 734 1879 790 de
1906 741 2077 791 toutes
2105 734 2182 791 les
2255 769 2259 771 Α

251 852 277 883 «
307 833 558 888 matieres
604 832 1062 906 ecclesiastiquffl3
1095 838 1149 889 et
1183 850 1337 908 pour
1391 832 1510 889 s'en
1552 831 1814 889 eclaircir
1836 831 1879 888 il
1922 832 2065 890 avait
2095 850 2182 890 re-

251 952 278 984 «
313 931 555 988 cherche
588 950 718 989 avec
748 932 871 989 soin
899 931 1284 1007 l'exemplaire
1314 933 1383 990 de
1408 939 1550 990 cette
1575 933 1733 989 bulle
1759 932 1900 1006 qu’il
1918 942 2183 1008 rapporte

251 1048 278 1081 «
305 1030 332 1085 6
362 1028 781 1086 l’assemblee...
814 1030 960 1096 Qu’il
999 1030 1212 1086 semble
1246 1048 1350 1104 par
1375 1030 1455 1086 les
1482 1036 1692 1086 termes
1729 1030 1798 1087 de
1822 1037 1967 1087 cette
2000 1030 2176 1100 bulle‚

250 1147 277 1179 c<
305 1127 513 1200 qu’elle
545 1128 799 1184 contient
833 1129 1124 1202 beaucoup
1154 1128 1223 1183 (16
1263 1129 1463 1183 choses
1507 1127 1606 1200 qui
1649 1127 1915 1183 meritent
1960 1127 2181 1185 l’atten-

250 1246 277 1276 «
302 1224 425 1279 tion
451 1223 591 1278 dela
609 1222 944 1298 Compagnie
975 1242 1075 1279 sur
1093 1201 1381 1296 plusieurs
1406 1223 1564 1279 chefs
1582 1224 2176 1287 tres-considerables3

250 1328 361 1378 «et
399 1321 880 1397 principalement
923 1340 1023 1379 sur
1067 1341 1128 1379 ce
1167 1319 1375 1395 qu‘elle
1427 1322 1628 1378 defend
1667 1341 1777 1378 aux
1813 1323 2052 1395 eveques
2089 1324 2182 1378 sub
2220 1381 2231 1390 ,

251 1445 276 1474 «
303 1440 463 1495 poena
487 1424 1042 1478 eaecommunicationis
1078 1423 1204 1478 latae
1225 1425 1507 1480 sententiae
1526 1425 1642 1496 ipso
1666 1425 1811 1497 facto
1831 1424 2181 1494 incurrendae,

252 1543 278 1574 «
315 1521 383 1578 de
415 1522 693 1602 soutenir,
733 1522 1108 1597 d’approuver
1140 1528 1194 1578 et
1227 1526 1414 1580 meme
1450 1522 1518 1578 de
1561 1522 1721 1592 citer,
1757 1540 1827 1578 en
1856 1521 2185 1598 particulier

252 1644 274 1673 «
317 1640 390 1678 ou
424 1639 494 1678 en
528 1622 753 1697 public,
798 1622 880 1678 les
927 1639 1197 1678 censures
1236 1622 1389 1678 dela
1431 1621 1661 1678 Faculte
1702 1621 1768 1677 (16
1813 1621 2039 1678 Paris...
2071 1620 2187 1685 Que
2275 1639 2287 1685 .-'

253 1741 279 1774 «
308 1727 496 1778 toutes
541 1738 633 1777 ces
677 1723 875 1778 choses
915 1726 1163 1796 peuvent
1208 1720 1361 1777 avoir
1391 1720 1489 1776 des
1539 1723 1958 1794 consequences
2008 1719 2055 1775 si
2104 1718 2186 1774 fa-

253 1840 279 1872 «
318 1821 555 1876 cheuscs
583 1839 768 1893 que...
800 1843 827 1872 »

324 1919 630 1975 Postulavit
655 1927 946 1994 promotor
971 1927 1035 1976 ut
1074 1921 1474 1977 nominaretur
1505 1920 1831 1995 commissio
1868 1936 1994 1992 quae
2020 1935 2187 1994 nego-

251 2017 397 2073 tium
435 2018 578 2074 illud
610 2020 989 2093 expenderet3
1037 2026 1207 2092 atque
1254 2019 1333 2075 ita
1372 2021 1585 2075 factum
1631 2026 1714 2075 est
1759 2020 2066 2089 (Collection
2097 2019 2188 2074 cles
2288 2009 2295 2015 ’

248 2118 714 2191 proces-verbanno,
745 2117 1024 2174 autorisee
1055 2136 1157 2192 par
1178 2118 1257 2174 les
1280 2117 1625 2174 assemblees
1651 2117 1718 2172 de
1747 2116 1895 2172 1762
1930 2122 1981 2172 et
2011 2116 2186 2187 1765,

250 2218 402 2268 tome
427 2213 518 2283 lv,
540 2230 678 2286 page
702 2213 836 2281 951,
866 2214 1081 2269 edition
1109 2214 1178 2269 de
1202 2214 1379 2283 Paris,
1414 2214 1610 2286 1770).
1644 2214 1775 2277 Quae
1802 2213 2016 2268 fuerint
2034 2229 2191 2269 com-¹

250 2312 538 2368 missionis
564 2317 619 2367 et
646 2311 947 2387 ipsiusmet
975 2319 1290 2370 conventus
1329 2312 1752 2384 conclusiones,
1795 2331 1911 2368 non
1938 2313 2185 2389 reperio,

249 2409 425 2466 Citata
463 2416 654 2467 autem
701 2411 871 2467 verba
919 2418 1140 2468 certum
1175 2412 1387 2468 faciunt
1429 2429 1546 2467 non
1583 2411 1777 2467 minus
1826 2411 2190 2486 impudenter

249 2527 420 2583 quam
474 2509 710 2584 impune
754 2510 811 2565 in
845 2511 1025 2585 plenis
1059 2511 1309 2567 comitiis
1362 2530 1388 2567 a
1433 2516 1758 2586 promotore
1800 2509 2190 2585 impugnatam
2290 2578 2292 2582 Ι

250 2611 426 2667 fuisse
451 2610 754 2668 Alexandri
779 2612 866 2667 Vll
910 2611 1148 2667 bullam.
1188 2613 1326 2668 Item
1361 2618 1583 2668 constat
1624 2610 1975 2685 propositam
2021 2609 2192 2666 'comi-

251 2709 346 2765 tiis
385 2710 561 2767 fuisse
609 2712 713 2767 hac
744 2710 811 2766 de
837 2728 898 2766 re
948 2710 1443 2780 deliberationem,
1484 2728 1599 2766 non
1640 2715 1703 2766 ut
1731 2714 2184 2784 propugnaretur

250 2807 406 2863 bulla
440 2817 636 2867 contra
666 2810 1101 2866 schismaticum
1138 2809 1484 2866 Parlamenti
1513 2809 1827 2875 decretum,
1871 2806 1967 2862 sed
1992 2811 2054 2861 ut
2077 2805 2183 2860 im-

252 2914 618 2981 pugnaretur.

327 3005 412 3061 IV.
453 3005 799 3063 Concluditur
844 3008 1040 3062 (lictum
1079 3025 1357 3063 censuram
1395 3027 1427 3063 a
1459 3005 1740 3063 Facultate
1779 3006 2186 3079 pronuntiatam

254 3124 390 3163 anno
428 3106 599 3178 1664,
634 3125 743 3163 non
781 3115 1031 3180 tanquam
1067 3110 1440 3164 auctoritatem
1464 3151 1478 3178 ‚
1515 3108 1611 3163 secl
1651 3114 1905 3180 tanquam
1930 3106 2187 3179 probrum

257 3191 550 3262 habendam
592 3225 726 3263 esse.

332 3304 554 3362 Etenim
580 3306 635 3361 1⁰
669 3324 735 3362 ex
760 3305 1040 3381 superiori
1078 3306 1262 3381 capite
1305 3313 1549 3378 constat,
1587 3307 1703 3381 jam
1744 3306 1815 3362 ab
1849 3322 1996 3360 anno
2038 3301 2187 3360 1665
2276 3358 2278 3362 .

259 3404 680 3478 propugnandae
727 3403 999 3460 doctrinae
1042 3404 1309 3462 Romanae
1349 3423 1576 3462 omnem
1626 3421 1863 3478 prorsus
1912 3399 2186 3482 Facultati

262 3501 584 3576 ademptam
614 3501 966 3572 libertatem3
999 3503 1056 3558 2⁰
1075 3503 1360 3560 sancitum
1390 3503 1628 3577 insuper
1645 3502 1832 3558 fuerat
1854 3500 2003 3556 duos·
2024 3499 2189 3554 dum·
2242 3509 2245 3511 ’

261 3604 411 3657 taxat
447 3618 477 3657 e
517 3601 758 3675 singulis
803 3601 1088 3675 religiosis
1130 3601 1425 3659 ordinibus
1466 3602 1723 3659 doctores
1771 3599 1840 3656 ad
1879 3601 1918 3655 F
1923 3595 2186 3655 acultatis
