2372 4108
893 248 1016 294 PARS
1047 247 1215 295 PRIMA.
1945 247 1998 294 77

116 358 406 415 definitum
434 357 582 413 tuita
611 353 846 411 concilio
876 354 912 408 F
916 352 1216 420 lorentin0,
1236 351 1459 425 plenam
1484 351 1860 424 gubernandae
1879 351 2006 407 uni·

116 457 344 512 versalis
380 454 636 511 Ecclesiae
662 457 991 529 potestatem
1025 449 1270 503 Romano
1301 447 1550 505 Pontifici
1587 467 1619 504 a
1651 448 1859 506 Christo
1899 454 2007 504 tra-

117 555 291 611 ditam
331 555 504 610 fuisse
552 554 608 608 in
658 554 806 607 beato
849 550 1033 605 PetrO.
1070 546 1224 610 Quod
1272 546 1500 618 quidem
1547 546 1748 602 Christi
1791 547 2005 602 Domini

120 655 328 708 factum
373 650 579 725 duplici
631 647 795 704 modo
834 643 1158 716 contingere
1188 643 1370 715 potuit.
1415 665 1426 697 :
1464 643 1647 716 primo
1677 643 1912 712 scilicet,
1959 644 2007 699 si

117 749 369 817 Christus
398 763 652 820 expresse
681 742 922 799 decrevit
948 741 1255 814 primatum
1286 739 1428 794 Petri
1457 740 1523 794 ad
1553 740 1828 821 Romanos
1857 740 2009 814 Epis-

119 864 282 920 copos
310 844 711 907 transiturum;
763 839 1006 896 secundo
1035 838 1082 893 si
1114 836 1358 893 decrevit
1388 836 1766 891 transiturum
1791 837 2002 892 dictum

119 942 419 1016 primatum
462 939 529 994 ad
568 957 691 994 eam
725 937 918 992 Sedem
955 934 1325 1008 episcopalem
1369 951 1539 1004 quam
1588 932 1781 986 Petrus
1834 933 2006 987 semel

118 1058 217 1112 pro
251 1055 468 1112 semper
496 1037 563 1092 ad
595 1036 651 1090 id
673 1036 846 1090 libere
871 1033 1147 1105 elegisset,
1180 1038 1231 1086 et
1257 1032 1449 1087 Petrus
1481 1029 1668 1085 sedem
1695 1030 2003 1084 Romanam

75 1147 79 1150 ⁴
118 1137 363 1207 elegerit.
415 1136 548 1190 Nam
593 1134 772 1208 posita
802 1132 979 1187 libera
1024 1130 1117 1184 illa
1156 1129 1300 1184 Petri
1347 1128 1636 1196 electione,
1673 1130 1788 1199 jain
1826 1126 1877 1181 vi
1910 1145 2004 1182 vo-

120 1231 349 1287 luntatis
387 1230 582 1285 Christi
628 1228 830 1285 transit
860 1227 1134 1300 primatus
1173 1224 1241 1280 ad
1290 1224 1567 1278 Romanos
1596 1223 1906 1278 Pontifices.
1946 1223 2003 1276 In

121 1336 356 1400 utraque
379 1334 562 1383 autem
602 1325 889 1400 hypothesi
935 1324 1166 1380 revelari
1198 1322 1375 1396 potuit
1403 1340 1498 1396 per
1536 1322 1760 1376 Petrum
1790 1327 1843 1376 et
1870 1320 2007 1375 alios

122 1425 408 1497 Apostolos
446 1424 753 1496 primatum
802 1423 880 1476 sic
920 1422 1094 1477 fuisse
1140 1422 1396 1474 Romanae
1429 1419 1551 1474 Sedi
1600 1419 1911 1482 adnexum,
1954 1424 2007 1472 ct

123 1520 404 1593 dispositio
452 1522 565 1574 lunc
610 1525 886 1589 quatenus
921 1518 1002 1571 sic
1035 1518 1274 1572 revelata
1302 1516 1485 1588 potuit
1517 1517 1584 1570 ab
1602 1515 1843 1570 Ecclesia
1876 1513 2009 1568 deti-

124 1615 254 1669 niri.
288 1616 347 1669 Et
374 1632 558 1669 revera
591 1632 687 1687 per
711 1613 1091 1668 Florentinum
1118 1612 1420 1667 concilium
1458 1611 1681 1666 definita
1710 1618 1791 1666 cst
1816 1635 1825 1676 3
1855 1618 1907 1666 et
1934 1610 2009 1666 si-

123 1712 239 1765 mul
279 1711 543 1783 implicite
596 1729 658 1764 ac
696 1710 1092 1780 aequivalenter
1133 1710 1426 1764 definitum
1466 1714 1548 1764 est
1595 1709 1803 1763 factum
1838 1709 2002 1775 Petri,

123 1807 424 1860 Romanam
474 1806 660 1860 sedem
708 1805 973 1876 erigentis
1016 1806 1073 1858 in
1111 1805 1443 1877 magistram
1482 1823 1544 1860 ac
1578 1805 1884 1866 dominam,
1916 1806 2004 1858 cui

121 1903 371 1958 Ecclesiae
394 1920 582 1957 omnes
615 1903 843 1958 subesse
870 1908 1185 1957 tencantur.

835 2201 1078 2261 CAPUT
1127 2201 1276 2259 Vlll

466 2360 516 2394 S·
540 2362 800 2406 PETntS‚
825 2362 910 2395 Ex
936 2361 1363 2396 uIS'n'rlJ'rloxE
1389 2363 1643 2398 cunlsrl

75 2457 80 2461 .
130 2432 247 2465 §Et
263 2433 346 2466 Ex
360 2433 520 2466 'OERE
543 2435 768 2477 ΠΙἿΙΝΦ,
787 2435 1045 2468 HABERE
1072 2436 1303 2469 nssuun'
1330 2437 1409 2469 ΕΤ
1434 2437 1666 2471 uAntn'l'
1689 2436 2003 2471 SUPREMAE

288 2506 415 2541 §1¹AE
439 2507 873 2544 ,usvronl'rin'ls
896 2511 1343 2546 SUCCESSQBEM
1370 2511 1510 2554 (EST
1533 2512 1616 2545 nt:
1642 2509 1838 2555 12‘11113).

195 2673 234 2725 1.
280 2673 609 2726 Anernesrun
641 2693 668 2726 E
694 2673 955 2728 Seium-um
994 2694 1160 2730 sicui.
1190 2708 1258 2714 —
1288 2675 1532 2730 Ecclesia
1557 2676 1757 2730 Christi
1792 2676 1999 2731 consti-

128 2776 244 2824 tuta
269 2776 351 2824 est
374 2789 551 2842 usque
570 2771 635 2825 ad
664 2772 1205 2827 consummationem
1231 2774 1418 2828 saeculi
1438 2774 1738 2828 duratura:
1763 2774 2001 2845 Etportae

119 2871 277 2940 inseri
307 2887 408 2924 non
434 2871 783 2941 praevalebunt
813 2871 1057 2925 adversus
1091 2890 1203 2925 eam
1232 2872 1438 2940 (Matth.
1467 2873 1592 2943 xvi).
1631 2873 1761 2927 Ecce
1784 2870 1883 2943 '690
1910 2889 1997 2926 vo-

117 2965 308 3020 biscum
338 2984 451 3020 sum
487 2969 722 3021 omnibns
760 2968 960 3035 (liebus,
997 2986 1158 3038 usque
1187 2969 1255 3022 acl
1291 2972 1792 3024 consmnmationem
1827 2970 1999 3024 saeouli
2055 3036 2063 3045 .

119 3063 323 3124 (Matth.
362 3082 480 3137 cap.
509 3064 753 3135 ultimo).
785 3065 847 3119 Et
874 3065 949 3120 ita
983 3065 1212 3142 quidem
1251 3067 1525 3122 duratura
1559 3074 1640 3123 est
1665 3086 1792 3122 cum
1829 3069 2000 3138 forma

119 3176 215 3212 seu
242 3162 611 3215 constitutione
637 3179 804 3232 quam
844 3162 951 3236 ipsi
978 3161 1182 3216 indidit
1208 3163 1475 3219 Christus.
1511 3165 1683 3227 Quam
1724 3163 1996 3217 constitu-

121 3254 348 3320 tionem,
395 3273 423 3307 a
458 3255 676 3310 Christo
725 3266 1029 3331 acceptam,
1074 3259 1269 3330 nequit
1307 3261 1583 3326 amittere,
1630 3259 1765 3329 quin
1806 3257 1996 3310 statim

125 3351 225 3405 hoc
249 3340 366 3423 ipso
396 3350 634 3404 Ecclesia
661 3351 860 3407 Christi
902 3372 1026 3408 esse
1056 3354 1292 3408 desinat.
1336 3355 1572 3408 Aliunde
1612 3371 1738 3407 vero
1777 3358 1995 3407 certum

118 3447 285 3502 estad
309 3447 560 3503 Ecclesiae
577 3448 1028 3504 constitutionem
1048 3451 1326 3521 pertinere
1345 3451 1518 3504 sancti
1533 3450 1673 3504 Petri
1689 3450 1992 3505 Primatum

119 3561 215 3598 seu
256 3562 574 3618 supremam
610 3547 731 3618 ejus
763 3545 1173 3600 auctoritatem.
1221 3545 1274 3598 Id
1312 3546 1569 3600 evincunt
1612 3554 1796 3602 textus
1827 3553 1992 3618 atque

119 3641 473 3697 auctoritates
507 3642 667 3714 queis
712 3659 880 3715 supra
923 3640 1196 3712 ejusmodi
1236 3641 1535 3713 primatum
1577 3662 1603 3697 a
1635 3642 1844 3697 Christo
1871 3643 1989 3717 ipso
