2372 4108
924 286 1048 332 PARS
1080 284 1253 331 Pnnu.
1349 270 1358 279 '
1982 282 2039 330 57

151 397 309 454 Urbis
344 371 529 452 Romae
556 395 961 470 episcopatum,
996 391 1091 446 sed
1123 390 1296 446 simul
1325 389 1493 446 etiam
1521 389 1781 446 eumdem
1807 388 2040 464 Aposto-

154 495 273 551 lum
315 495 547 550 Romam
591 492 755 547 ivisse
792 495 960 561 atque
995 486 1203 542 ibidem
1231 486 1439 542 summi
1468 487 1826 543 Pontificatus
1852 486 2038 544 sedem

156 591 532 648 constituisse.
586 589 741 655 Quod
802 585 1028 659 quidem
1095 590 1492 656 argumentum
1546 586 2039 643 transcribendum

157 690 290 745 duxi
318 709 381 745 ex
408 695 564 762 patre
581 681 1097 753 Martin‚societatis
1115 682 1270 751 Jesu,
1292 682 1560 755 magistro
1580 684 1864 756 quondam
1894 701 2043 754 mec,

158 786 253 859 qui
293 785 370 840 sic
411 783 551 838 illud
578 779 932 836 concinnavit
975 778 1033 833 in
1074 777 1278 834 eximio
1311 795 1412 832 suo
1453 783 1696 834 tractatu
1724 781 1787 834 (le
1814 781 2049 836 Ecclesia

160 884 291 954 (non
310 880 474 955 typis,
494 879 588 935 sed
612 896 709 953 per
727 875 1175 950 autographiam,
1200 874 1394 950 paucis
1414 875 1851 950 exemplaribUS,
1874 877 2048 947 edito,

159 998 281 1054 pag.
315 978 441 1043 ⁶202)
468 1000 478 1031 :

237 1098 263 1127 «
303 1074 656 1130 Admittenda
691 1072 952 1148 praedicta
983 1072 1128 1150 facta
1159 1071 1237 1139 (id
1271 1076 1352 1127 est
1394 1075 1651 1127 sanctum
1689 1070 1913 1125 Petrum
1943 1069 2049 1124 Ro-

159 1190 307 1227 mam
337 1171 521 1242 ivisse,
552 1175 603 1226 et
634 1169 710 1225 ibi
740 1169 927 1225 sedem
953 1168 1332 1224 Pontificalcm
1358 1167 1742 1237 constituisse,
1769 1185 1832 1222 ac
1858 1166 2057 1221 Roma-

159 1287 362 1323 norum
397 1267 729 1342 Episcopum
768 1266 990 1339 fuisse),
1025 1266 1070 1321 si
1105 1267 1413 1340 probentur
1453 1266 1564 1321 duo
1614 1266 1729 1320 haec
1762 1287 1772 1318 :
1819 1264 1872 1318 1⁰
1909 1263 2055 1319 facta

160 1364 445 1439 praedicta,
476 1364 522 1419 si
559 1383 686 1420 vera
731 1363 962 1433 fuerint,
993 1363 1311 1418 debuerunt
1347 1362 1626 1418 constanti
1659 1366 1711 1417 et
1750 1361 2054 1416 universali

164 1462 692 1533 testimoni0,qualc
729 1479 948 1534 semper
999 1461 1202 1530 extitit,
1247 1461 1439 1516 referri
1484 1466 1652 1532 atque
1704 1459 2049 1524 transmitti;

168 1559 221 1612 2⁰
254 1558 640 1613 testimonium
673 1557 822 1629 quod
855 1575 951 1630 per
977 1557 1163 1612 decem
1188 1562 1239 1611 et
1272 1562 1394 1611 octo
1413 1556 1614 1611 saecula
1650 1556 1715 1611 de
1742 1556 1903 1611 factis
1931 1555 2055 1610 istis

166 1655 362 1727 viguit,
394 1660 444 1709 et
474 1654 606 1709 tides
637 1672 745 1725 qua
778 1658 1099 1708 constanter
1128 1653 1319 1708 eadem
1349 1653 1492 1708 facta
1525 1653 1731 1708 credita
1765 1660 1918 1723 sunt,
1942 1671 2055 1708 non

167 1748 332 1803 aliam
369 1766 596 1802 causam
642 1753 692 1802 et
738 1748 1010 1819 originem
1055 1748 1259 1802 habere
1302 1753 1643 1820 potuerunt,
1690 1765 1858 1818 quam
1908 1748 2056 1821 ipso-

166 1848 409 1898 rummet
437 1842 712 1915 ejusmodi
747 1842 1023 1897 factorum
1062 1842 1371 1898 veritatem.
1407 1842 1572 1914 Atqui
1606 1844 1722 1897 baec
1753 1842 1863 1897 duo
1895 1842 2057 1897 facile

167 1946 441 1996 constant.

246 2060 272 2091 «
304 2038 345 2092 1⁰
373 2039 429 2094 Si
451 2038 594 2108 sacta
621 2039 730 2093 haec
754 2057 877 2094 vera
899 2039 1122 2109 fuerint,
1147 2040 1434 2094 transmitti
1459 2039 1747 2094 debuerunt
1772 2040 2061 2094 anniversali

170 2142 218 2190 et
259 2138 543 2205 constanti,
574 2137 725 2208 quale
762 2138 953 2205 extitit,
986 2138 1304 2194 testimonio,
1340 2169 1416 2175 —
1452 2136 1722 2191 Probatur
1761 2136 1815 2191 1⁰
1846 2135 2062 2191 ratione

168 2233 394 2303 yenerali
422 2255 437 2285 .·
469 2251 600 2288 nam
632 2233 844 2289 factum
877 2252 1042 2289 omne
1085 2233 1372 2303 sensibile,
1405 2233 1766 2302 diuturnum,
1797 2233 2062 2288 omnibus

168 2330 557 2403 conspicuum,
600 2331 923 2404 publicum,
979 2331 1407 2404 gravissimique
1449 2331 1719 2386 momenti
1756 2336 1808 2386 et
1850 2331 2061 2403 gravis-

173 2425 310 2478 sima
338 2428 566 2480 trahens
593 2428 957 2498 consectaria,
981 2446 1342 2500 nequaquam
1372 2428 1620 2500 ignorari
1653 2432 1832 2502 potest
1865 2447 1894 2483 a
1921 2445 2063 2482 coae-

173 2519 253 2575 vis
279 2525 329 2574 et
361 2520 745 2591 sequentibus,
777 2540 899 2593 quae
922 2542 951 2578 a
979 2527 1160 2597 prima
1188 2525 1328 2579 illud
1358 2530 1715 2598 acceperunt,
1751 2523 2062 2594 generatio-

174 2617 339 2672 nibus
361 2661 375 2686 ,
438 2623 531 2671 aut
586 2623 854 2689 tanquam
923 2619 1251 2676 indifferens
1316 2638 1380 2685 ex
1437 2620 1732 2675 hominum
1792 2620 2062 2675 memoria

171 2698 469 2778 excideroe
502 2713 596 2768 scd
639 2719 717 2769 cst
767 2732 896 2768 cum
939 2714 1370 2770 innumerorum
1415 2715 1708 2771 bominum
1753 2716 2062 2771 commodis

173 2818 265 2867 aut
300 2811 667 2867 incommodis
713 2829 1052 2882 connexum,
1082 2817 1133 2867 et
1181 2812 1271 2867 dat
1316 2818 1505 2867 ortum
1551 2812 1677 2867 aliis
1723 2812 1905 2882 factiS,
1936 2830 2059 2884 quae

172 2908 290 2982 ipsa
318 2914 370 2963 et
400 2913 703 2963 narrantur
739 2913 789 2963 et
819 2908 1127 2964 multorum
1158 2909 1452 2965 hominum
1478 2927 1573 2965 ore
1598 2909 1977 2979 celebrantur,
2007 2914 2058 2965 et

169 3023 410 3076 quorum
438 3005 704 3060 memoria
725 3023 838 3060 non
871 3006 1145 3061 retinetur
1169 3001 1279 3061 nisi
1303 3026 1431 3062 cum
1460 3007 1733 3063 memoria
1753 3006 1883 3061 facti
1903 3005 2057 3079 prin-

170 3101 386 3174 cipalis.
413 3102 577 3173 Atqui
611 3102 742 3156 talia
770 3102 997 3157 fuerunt
1038 3105 1153 3159 haec
1183 3105 1324 3160 facta
1374 3105 1552 3160 sancti
1590 3104 1760 3160 Petri.
1804 3105 2055 3158 Fuerunt

171 3196 320 3250 enim
368 3215 464 3270 per
507 3215 563 3252 sc
596 3198 836 3253 maxime
879 3199 1101 3272 publica
1128 3207 1180 3256 et
1211 3202 1536 3276 conspicua,
1566 3207 1688 3256 tum
1726 3197 2054 3254 Christianis

163 3294 280 3366 jam
322 3292 506 3347 Romae
537 3295 841 3365 conversis,
875 3296 971 3368 qui
1014 3302 1270 3353 sanctum
1299 3299 1523 3353 Petrum
1568 3313 1791 3350 summa
1825 3311 2052 3349 venera-

167 3390 317 3445 tione
344 3391 601 3463 prosequi
622 3392 955 3462 debuerunt,
987 3399 1108 3450 tum
1139 3395 1483 3463 infidelibus,
1513 3410 1755 3465 quorum
1790 3390 2052 3464 praejudi-

167 3488 272 3557 cia,
303 3505 539 3559 erroreS,
566 3490 903 3559 idololatria,
921 3497 1051 3561 etc.,
1074 3491 1556 3565 impugnabantur
1580 3495 1631 3544 et
1659 3487 2052 3563 praedicatione

168 3585 344 3640 sancti
375 3586 540 3656 Petri,
573 3592 623 3642 ct
654 3571 793 3642 nova
834 3587 1126 3660 religione,
1156 3588 1319 3662 cujus
1365 3585 1748 3642 diffundendae
1781 3586 1899 3660 ipse
1931 3592 2049 3642 erat

168 3684 480 3758 praecipuus
506 3684 781 3740 minister.
815 3686 920 3741 Nec
949 3691 1172 3742 tantum
1214 3687 1400 3741 Romae
1441 3685 1655 3740 civibus
1695 3683 2045 3741 innotescere
