2410 4114
287 272 335 317 4·
786 268 793 275 ’
963 268 1257 315 TRACTATUS
1288 268 1351 313 DE
1384 267 1527 313 PAPA.

291 377 400 433 lem
443 375 679 433 Romani
721 374 1000 432 Pontificis
1038 374 1346 450 primatum
1394 371 1781 447 intelligamus
1820 379 1874 431 et
1927 379 2202 448 tanquam

293 474 494 548 dogma
545 472 885 531 catholicum
934 491 1395 548 propugnemus3
1449 473 1504 528 5⁰
1554 471 1623 528 dc
1671 470 2018 528 connexione
2059 471 2206 527 inter

292 573 660 646 quaestionem
701 572 768 629 de
807 571 1057 647 primatu
1102 572 1281 630 sancti
1326 571 1473 643 Petri
1509 578 1561 629 et
1601 570 1969 645 quaestionem
2003 570 2071 627 de
2098 569 2208 646 pri-

291 675 447 726 matu
469 669 707 727 Romani
727 669 1031 727 Pontificis.

1089 957 1124 1023 G
1135 958 1178 1020 A
1190 959 1228 1018 Ρ
1246 959 1283 1020 U
1294 959 1331 1019 T
1375 959 1400 1018 I

869 1154 1287 1191 Exn-onmiwun
1310 1154 1635 1191 Ennomus.

362 1336 574 1412 Duplex
613 1335 672 1392 in
721 1336 824 1394 hac
872 1336 1106 1393 materia
1159 1337 1476 1394 errantium
1527 1336 1760 1409 classis,
1813 1335 2203 1394 haereticorum

287 1434 498 1492 scilicet
525 1442 575 1492 et
605 1436 1014 1493 nonnullorum
1049 1436 1481 1504 catholicorum.

359 1534 402 1588 Ι.
450 1533 674 1589 Errores
729 1535 1116 1590 haereticorum.
1167 1567 1235 1578 -—
1280 1533 1641 1609 Quadruplex
1694 1533 1966 1608 distingui
2025 1540 2207 1610 potest

285 1631 723 1689 acatholicorum
753 1649 929 1688 error.

361 1731 596 1799 PrimuS,
626 1748 735 1803 quo
770 1735 1008 1802 negatur
1045 1728 1283 1802 quilibet
1315 1729 1595 1804 primatus
1627 1730 1864 1787 Romani
1898 1730 2205 1804 Pontificis,

286 1828 344 1884 id
385 1835 491 1900 est,
533 1834 656 1885 tum
700 1827 978 1903 primatus
1012 1826 1449 1900 jurisdictionis,
1489 1833 1611 1884 tum
1654 1829 1934 1904 primatus
1969 1831 2203 1902 ordiniS,

287 1931 409 1983 tum
437 1926 605 1983 etiam
634 1926 912 2002 primatus
951 1925 1092 1982 meri
1133 1926 1383 1983 honoriS.
1417 1926 1508 1984 Est
1537 1933 1723 1984 autem
1766 1929 1813 1985 is
1840 1947 1997 1986 error
2029 1930 2209 1987 incre-

289 2025 554 2082 dulorum
603 2024 898 2080 dumtaxat
931 2030 983 2080 et
1026 2023 1334 2099 impiorum
1381 2025 1704 2098 hominum,
1747 2028 1844 2102 qui
1886 2047 1989 2084 nec
2027 2028 2206 2104 ipsam

288 2123 611 2181 christianae
652 2122 945 2196 religionis
983 2123 1230 2183 divinam
1270 2123 1684 2182 institutionem
1729 2127 2060 2183 admittunt.
2103 2128 2209 2185 Cte-

288 2230 473 2281 terum
517 2222 860 2280 schismatici
899 2223 1086 2297 graeci,
1132 2242 1350 2281 necnon
1385 2241 1414 2279 e
1450 2226 1896 2299 protestantibus
1927 2228 2209 2300 graviores

290 2323 558 2397 quilibet,
598 2324 837 2380 libenter
883 2322 1131 2379 Romano
1186 2323 1437 2380 Pontifici
1489 2326 1804 2383 concedunt
1849 2327 2080 2383 honoris
2125 2327 2209 2384 vel

199 2401 207 2407 .
290 2422 458 2478 etiam
478 2421 691 2478 ordinis
720 2421 1050 2496 primatum.
1081 2422 1141 2477 Ei
1165 2440 1368 2498 nempe
1398 2424 1582 2480 solum
1604 2425 1881 2499 denegant
1897 2427 2208 2502 primatum

283 2521 718 2595 jurisdictionis,
756 2522 955 2578 saltem
989 2528 1265 2596 quatenus
1294 2541 1323 2578 a
1351 2524 1570 2581 Christo
1598 2525 1931 2582 derivatum.

367 2620 634 2676 Secundus
649 2637 804 2676 error
832 2638 1029 2676 eorum
1057 2627 1162 2689 est,
1182 2620 1279 2694 qui
1308 2629 1511 2695 negant.
1530 2623 1841 2698 primatum
1864 2624 2209 2697 jurisdictio-

291 2719 380 2775 nis
418 2726 470 2775 et
505 2719 740 2789 ordinis,
772 2719 1071 2794 solumque
1091 2722 1414 2777 'concedunt
1440 2722 1751 2797 primatum
1787 2723 1926 2778 meri
1957 2723 2203 2780 lionoriS.

294 2820 374 2875 Ita
402 2824 770 2893 protestantes
798 2819 986 2886 multi,
1016 2838 1079 2875 ac
1111 2820 1277 2876 multi
1304 2821 1470 2877 etiam
1500 2821 1842 2878 schismatici
1866 2824 2051 2897 graeci.

381 2916 581 2972 Tertius
617 2934 774 2972 error
821 2916 878 2970 in
925 2934 988 2973 eo
1033 2925 1116 2972 est
1159 2918 1307 2991 quod
1345 2920 1688 2975 concedatur
1730 2920 2043 2994 primatUS,
2096 2942 2208 2980 non

300 3021 522 3072 tantum
564 3014 703 3070 meri
732 3014 982 3088 honoris,
1022 3015 1119 3071 sed
1145 3016 1312 3071 etiam
1342 3018 1578 3083 ordinis;
1609 3025 1664 3075 at
1700 3018 1870 3075 simul
1907 3021 2216 3095 denegetur

302 3113 579 3188 primatus
602 3112 1035 3187 jurisdictionis.
1069 3113 1211 3178 Quid
1247 3121 1436 3171 autem
1475 3116 1549 3172 sit
1588 3116 1865 3192 primatus
1904 3120 2122 3189 orde'm‘S,
2165 3127 2216 3176 et

302 3211 581 3285 quomodo
615 3211 837 3267 differat
878 3229 908 3266 a
945 3210 1192 3285 primatu
1227 3212 1371 3268 nieri
1409 3214 1659 3287 honoriS,
1694 3216 1773 3272 sic
1816 3217 2083 3292 explicari
2123 3237 2217 3293 po-

302 3318 410 3370 test
434 3335 443 3367 :
482 3311 760 3368 Primatus
786 3313 917 3367 meri
945 3312 1156 3367 honoris
1190 3310 1247 3366 in
1281 3329 1343 3368 eo
1377 3314 1655 3388 consistit,
1683 3323 1744 3373 ut
1769 3318 1865 3391 qui
1893 3337 1954 3375 eo
1982 3318 2218 3392 insigni-

304 3417 397 3467 tur
430 3411 488 3467 in
527 3411 769 3485 digniori
803 3411 921 3468 loco
957 3411 1164 3480 sedeat,
1207 3411 1425 3486 primus
1454 3415 1802 3488 nominetur,
1840 3418 2058 3492 primus
2086 3437 2215 3475 sen-

303 3510 539 3568 tentiam
565 3511 734 3582 dicat,
763 3516 815 3567 et
843 3508 1092 3583 potiatur
1120 3508 1245 3565 aliis
1271 3509 1546 3583 ejusmodi
1575 3514 1956 3588 praerogativis
1991 3533 2115 3587 qua}
2150 3517 2219 3572 ad

305 3631 527 3669 merum
554 3613 826 3668 honorem
849 3609 1151 3685 pertinent.
1192 3610 1405 3668 Ordinis
1436 3618 1625 3670 autem
1656 3613 1934 3688 primatus
1965 3617 2218 3690 quaedam

307 3712 541 3788 insuper
562 3713 693 3785 jura
716 3709 938 3783 tribuit,
957 3729 1082 3784 quae
1110 3711 1180 3767 ad
1196 3718 1405 3769 rectam
1423 3711 1777 3786 negotiorum
1804 3711 2215 3788 expeditionem
