2320 4010
320 205 422 279 178*
726 190 738 204 '
990 213 1287 264 TRACTATUS
1317 215 1384 264 DE
1414 214 1561 264 PAPA.

319 333 563 391 invalida
598 345 719 386 esse
757 323 1077 381 habendam
1109 323 1398 381 contendit
1441 327 1672 380 sanctus
1703 321 2036 399 CyprianuS,
2067 343 2134 382 ex
2167 343 2231 382 ea

316 433 434 488 sola
475 427 692 484 ratione
718 422 867 498 quod
901 422 1178 498 obreptitie
1214 423 1439 480 obtenta
1483 420 1686 479 fuisset
1717 440 1727 475 :
1777 421 2065 478 «Romam
2106 440 2232 497 per-

309 545 447 602 gens
483 522 798 600 (Basilides)
838 522 1187 598 Stephanum
1218 523 1488 597 collegam
1534 527 1870 579 nostrum...
1909 514 2128 591 fefellit,
2167 527 2231 578 ut

309 623 626 682 exambiret
654 640 713 680 se
737 621 945 698 injuste
965 626 1150 698 reponi
1178 625 1234 680 in
1255 625 1615 698 episcopatum
1640 622 1709 679 de
1734 640 1845 696 quo
1870 620 2057 678 fuerat
2075 621 2230 695 juste

307 723 620 799 depositus,
642 721 766 778 Haec
792 739 855 778 eo
881 720 1168 798 pertinent
1195 725 1260 778 ut
1283 719 1546 777 Basilidis
1580 738 1693 778 non
1732 725 1851 777 tam
1878 719 2088 777 abolita
2115 718 2230 778 sint

305 842 478 899 quam
505 821 795 880 cumulata
824 822 1098 880 delicta...
1128 821 1317 896 Neque
1343 820 1494 878 enim
1524 826 1642 878 tam
1670 820 1990 896 culpandus
2016 825 2100 876 est
2135 819 2230 877 ille

302 922 395 980 cui
445 922 797 997 negligenter
851 923 1153 998 obreptum
1197 928 1304 992 est,
1367 940 1540 995 quam
1589 921 1681 977 hic
1728 919 2078 978 execrandus
2127 919 2226 994 qui

299 1022 696 1079 fraudulenter
736 1021 1047 1098 obrepsit»
1102 1021 1249 1097 (vide
1288 1027 1599 1078 tractatum
1641 1039 1831 1078 meum
1874 1021 1939 1076 cle
1990 1018 2223 1077 Concilio

295 1112 632 1197 provinciali,
655 1121 777 1178 loco
801 1121 954 1194 ‚cit.).
2069 1134 2073 1137 ’

375 1222 534 1278 Anno
563 1222 694 1293 542,
734 1226 963 1276 sanctus
981 1220 1322 1277 Athanasius
1358 1228 1411 1278 et
1437 1220 1629 1296 plures
1662 1219 1782 1291 alii,
1815 1219 1915 1294 qui
1942 1238 1972 1276 a
2001 1218 2222 1276 duabus

298 1321 748 1378 Eusebianorum
782 1319 1011 1395 synodis
1043 1309 1284 1396 depositi
1318 1321 1567 1391 fuerant,
1599 1321 1667 1377 ad
1693 1321 2012 1377 Romanum
2037 1320 2223 1378 Ponti-

250 1409 252 1411 *
295 1419 458 1479 ficem
490 1421 705 1477 Julium
750 1421 771 1475 Ι
813 1420 1191 1496 appellarunt3
1236 1420 1335 1493 qui
1368 1420 1540 1496 jussit
1566 1437 1660 1477 eos
1706 1438 1770 1476 ac
1812 1420 1984 1477 etiam
2022 1439 2222 1477 eorum

292 1519 513 1594 judices
551 1519 788 1576 Romam
825 1519 1036 1590 venire,
1081 1526 1146 1577 ut
1187 1518 1342 1576 Sedis
1370 1519 1700 1595 Apostolicae
1735 1519 2018 1594 judicium
2068 1520 2223 1578 subi-

295 1625 440 1675 rent.
473 1618 666 1674 Ariani
700 1617 981 1693 Episcopi,
1027 1618 1125 1691 qui
1152 1618 1523 1675 Athanasium
1563 1619 1961 1695 deposuerant,
2000 1638 2223 1695 compa-

298 1735 424 1775 rere
447 1722 782 1773 renuerunt.
805 1717 1014 1772 Eorum
1041 1716 1367 1791 synodalem
1397 1718 1737 1774 sententiam
1762 1718 1990 1775 rescidit
2010 1718 2216 1791 Julius,

297 1815 785 1888 Athanasiumque
819 1832 883 1870 ac
924 1814 1064 1870 alios
1105 1814 1163 1869 in
1207 1814 1325 1871 suis
1365 1815 1591 1871 sedibus
1619 1816 1891 1872 restituit.
1923 1817 2218 1873 Peractum

296 1914 355 1970 id
379 1921 509 1971 ante
537 1913 843 1970 concilium
870 1913 1219 1983 Sardicense,
1251 1920 1313 1970 ut
1344 1919 1585 1970 testatur
1613 1913 1668 1969 S.
1692 1913 2030 1971 Athanasius
2058 1916 2220 1974 initio

296 2014 559 2071 secundae
599 2032 714 2070 suae
754 2012 1040 2089 apologiae.
1077 2013 1441 2070 Postmodum
1478 2031 1605 2069 vero
1640 1997 1998 2068 Sardicenses
2030 2014 2219 2073 Patres

296 2113 353 2169 in
383 2112 638 2189 synodali
663 2112 900 2188 epistola
938 2131 1059 2180 sua,
1092 2111 1424 2169 Eusebianis
1455 2111 1818 2187 potissimum
1845 2111 2074 2168 crimini
2097 2131 2215 2170 ver-

293 2218 511 2282 terunt,
544 2212 695 2286 quod
734 2211 891 2268 citati
939 2230 1268 2287 comparere
1308 2211 1685 2285 refugissent:
1725 2212 2212 2269 «Eusebianorum

295 2311 662 2388 sycophantia
690 2328 756 2366 ex
788 2330 850 2368 eo
886 2311 1170 2386 praecipue
1197 2310 1455 2384 cognosci
1493 2311 1699 2387 potuit,
1724 2311 1875 2385 quod
1900 2294 2160 2370 accerciti
2185 2333 2214 2370 a
2262 2371 2266 2374 .

294 2408 495 2465 dilecto
542 2415 736 2466 nostro
778 2409 1171 2466 comministro
1216 2410 1416 2484 Julio,
1430 2409 1643 2486 judicio
1706 2430 1818 2466 non
1874 2411 2214 2467 steterint.»

292 2506 391 2563 Ubi
422 2507 601 2577 vides,
627 2507 722 2582 jus
762 2508 999 2565 Romani
1044 2508 1329 2566 Pontificis
1366 2508 1679 2585 recipiendi
1709 2509 2135 2585 appellationeS‚
2163 2517 2230 2568 et*

292 2607 598 2685 Episcopos
647 2628 709 2666 ac
752 2609 904 2685 ipsos
950 2610 1120 2667 etiam
1166 2610 1519 2667 Patriarchas
1564 2629 1628 2667 ac
1675 2610 1912 2686 synodos
1950 2627 2245 2686 supremo·

289 2706 505 2778 judicio
527 2708 847 2781 judicandi,
887 2729 1000 2766 non
1041 2704 1273 2767 initium
1315 2711 1629 2787 sumpsisse
1666 2728 1732 2767 ex
1768 2711 1948 2768 libera
1992 2707 2215 2767 concilii
2270 2759 2294 2779 ‚

294 2801 645 2861 Sardicensis
688 2808 1072 2880 concessione,
1104 2816 1271 2884 prout
1313 2810 1574 2867 nonnulli
1617 2809 2003 2878 somniarunt,
2040 2809 2217 2883 siqui-

294 2901 423 2958 dem
465 2901 694 2978 ipsimet
723 2903 1080 2962 Sardicenses
1122 2908 1312 2963 Patres
1333 2909 1428 2981 jus
1477 2908 1629 2964 istud
1665 2914 1883 2964 certum
1911 2914 1964 2964 et
1992 2907 2217 2963 indubi-

295 3007 477 3058 tatum
510 3002 718 3059 habent
754 3003 938 3075 quoad
978 3022 1206 3078 causam
1236 3004 1556 3061 Sardicensi
1585 3004 1821 3061 concilio
1850 3005 2210 3063 anteriorem.

293 3101 431 3158 ltem
478 3106 622 3158 teste
655 3100 1020 3174 TheodoretO,
1063 3103 1207 3159 hanc
1247 3103 1538 3160 Athanasii
1578 3110 1630 3161 et
1674 3103 1919 3160 aliorum
1971 3105 2217 3180 appella-

294 3199 505 3257 tionem
553 3199 740 3257 Julius
778 3206 1085 3275 receperat,
1119 3202 1577 3277 sententiamque
1604 3203 2089 3278 pronuntiaverat,
2134 3222 2215 3260 se-

296 3307 446 3356 cutus
465 3299 719 3357 Ecclesiae
752 3319 1023 3358 canonem.
1066 3302 1115 3358 Is
1153 3320 1283 3376 ergo
1326 3321 1460 3360 sane
1485 3303 1705 3379 vigebat
1730 3304 1983 3361 Ecclesiae
2024 3323 2211 3376 canon,

293 3397 547 3454 nondum
577 3403 766 3455 coacta
792 3398 1004 3473 synodo
1031 3397 1370 3456 Sardicensi.

369 3496 526 3554 Anno
564 3496 790 3553 circiter
825 3498 959 3571 550,
987 3499 1279 3575 presbyter
1300 3499 1506 3571 Pistus,
1533 3499 1631 3573 qui
1669 3488 1727 3555 in
1753 3498 1968 3555 Nicaena
2005 3498 2212 3577 synodo

299 3592 598 3653 damnatus
625 3597 832 3670 fuerat,
877 3598 1175 3674 appellavit
1220 3599 1288 3656 ad
1326 3599 1541 3656 Julium
1579 3599 1808 3673 Papam,
1843 3606 2010 3673 atque
2044 3598 2208 3655 istam

298 3693 726 3766 appellationem
747 3697 963 3772 juvavit
993 3715 1056 3754 ac
1077 3686 1359 3773 promovit
1388 3695 1836 3755 Eusebianorum
1863 3697 2051 3756 factio.
2073 3698 2215 3752 Hinc
