2372 4108
875 238 1003 283 PARS
1033 238 1201 284 PRIMA.
1934 238 1987 284 61

107 352 218 402 tate
247 345 519 400 sactorum
566 344 800 400 istorum
835 343 1109 417 pendebat
1149 349 1266 400 tota
1299 344 1440 400 ratio
1475 343 1847 401 successionis
1882 344 2002 400 Ro-·
2062 407 2065 410 ,

106 459 399 496 manorum
426 439 756 496 Pontificum
811 440 868 494 in
904 438 1235 510 dignitatem
1278 446 1331 496 et
1373 439 1763 496 auctoritatem
1812 439 1991 497 sancti

103 537 280 604 Petri;
333 556 396 592 ac
427 537 658 611 proinde
689 536 855 592 etiam
892 553 956 591 ex
999 535 1230 591 veritate
1257 535 1531 592 sactorum
1579 537 1813 593 istflrum
1856 556 1991 612 pen-

106 637 235 693 dere
265 637 493 692 debebat
537 635 782 707 regimen
821 632 1282 702 ecclesiasticum,
1318 634 1496 690 forma
1519 635 1697 708 ipsius
1724 642 1892 710 atque
1913 635 1995 692 vis

102 740 238 803 tota,
269 733 443 806 ipsius
490 729 743 786 Ecclesiae
788 729 928 784 ratio
976 727 1226 797 socialis,
1273 730 1483 802 unitaS,
1533 731 1906 799 catholicitas,
1943 736 1996 787 et

103 827 494 904 apostolicitas.
518 827 582 881 Et
601 826 850 899 insuper,
880 824 1264 880 testimonium
1293 824 1360 880 de
1387 826 1508 880 istis
1535 826 1696 881 factis
1724 833 1805 882 est
1825 829 1995 882 etiam

102 924 484 983 testimonium
516 922 676 995 quasi
703 921 1105 994 dogmaticum,
1144 919 1251 976 tide
1281 921 1565 994 obligante
1586 928 1852 995 perpetuo
1880 941 1996 978 cre—

102 1023 306 1092 ditum,
328 1022 473 1078 inter
496 1020 821 1077 communia
859 1019 1146 1092 religionis
1166 1019 1501 1075 documenta
1532 1019 1795 1076 omnibus
1817 1020 1996 1076 chris-

101 1118 269 1175 tianis
310 1118 601 1189 traditum,
635 1116 898 1190 quodque
925 1134 1239 1172 connexum
1286 1122 1367 1171 est
1400 1134 1528 1171 cum
1557 1115 1665 1172 lide
1696 1114 1763 1172 de
1792 1117 1994 1173 Christi

102 1215 587 1290 promissionibus,
624 1215 960 1270 conferentis
993 1215 1148 1270 Petro
1175 1213 1552 1286 legitimisque
1579 1213 1755 1287 ipsius
1782 1232 1997 1270 succes-

105 1313 323 1367 soribus
351 1331 628 1367 summam
667 1312 1079 1372 auctoritaten1;
1127 1317 1178 1366 et
1225 1330 1354 1366 cum
1401 1311 1508 1366 fide
1550 1331 1659 1384 qua
1709 1312 1995 1367 Romanus

103 1409 347 1464 Pontifex
382 1409 692 1465 credendus
718 1415 800 1464 cst
827 1416 878 1464 et
902 1428 1121 1482 semper
1139 1409 1386 1464 creditus
1415 1415 1495 1464 est
1516 1409 1658 1464 Petri
1682 1427 1991 1476 successor,

107 1506 281 1579 ipsius
325 1506 712 1561 auctoritatem
749 1507 875 1578 jure
916 1506 1100 1560 divino
1144 1525 1239 1560 seu
1285 1525 1350 1561 ex
1396 1506 1749 1561 institutione
1794 1506 1995 1560 Christi

108 1619 392 1670 exercens,
430 1608 595 1675 caput
636 1601 809 1656 totius
850 1601 1125 1669 Ecclesiae,
1173 1608 1429 1657 centrum
1481 1602 1714 1658 unitatis
1747 1602 1994 1657 fidelium

108 1699 382 1766 omnium,
416 1704 603 1770 pastor
647 1716 944 1771 supremus
992 1699 1175 1770 gregis
1229 1698 1463 1762 Christi;
1513 1705 1564 1753 et
1598 1699 1825 1753 tandem
1864 1717 1994 1753 cum

106 1795 224 1868 ipso
252 1795 508 1866 dogmate
533 1813 643 1866 quo
668 1812 798 1849 vera
829 1794 1029 1849 Christi
1050 1800 1102 1850 et
1135 1795 1407 1849 catholica
1435 1794 1680 1850 Ecclesia
1717 1796 1997 1850 credenda

104 1884 190 1947 esf
242 1910 361 1947 esse
411 1872 678 1962 Romana,
725 1898 776 1947 et
823 1892 873 1946 vi
921 1892 1083 1964 cujus
1142 1898 1410 1947 tenentur
1465 1910 1659 1947 omnes
1714 1892 1993 1961 catholici,

107 1993 168 2042 ut
211 1988 267 2042 in
302 1989 385 2043 via
419 1988 615 2044 salutis
642 1989 949 2044 consistant
984 1996 1035 2044 et
1069 1989 1127 2043 in
1145 2008 1269 2044 vera
1298 1989 1405 2044 fide
1422 1989 1843 2057 contineantur,
1879 2009 1998 2045 esse

105 2086 337 2142 Romani
360 2086 647 2143 Pontificis
675 2106 770 2143 seu
805 2087 1066 2142 Romana]
1099 2087 1352 2142 ‘Ecclesiae
1383 2087 1635 2142 membra
1674 2081 1995 2142 et'Romano

104 2183 352 2239 Pontifici
384 2184 726 2241 adhaerentes
757 2193 809 2241 et
858 2186 1111 2258 subjecti.
1142 2185 1305 2257 Atqui
1347 2185 1459 2240 tale
1490 2185 1881 2240 testimonium
1932 2182 1999 2236 de

107 2279 311 2334 talibus
338 2279 495 2335 sactis
537 2299 649 2335 non
695 2281 825 2335 oriri
864 2282 1044 2355 potuit
1078 2281 1186 2337 nisi
1222 2300 1251 2336 a
1286 2282 1561 2337 factorum
1594 2281 1838 2337 veritate.
1875 2281 1996 2336 Ete-

110 2374 226 2427 nim
258 2393 448 2428 omnes
503 2376 597 2445 qui
643 2377 889 2448 primum
923 2378 1160 2450 amplexi
1206 2384 1338 2432 sunt
1387 2378 1577 2445 fidem,
1606 2378 1992 2445 christianam,

111 2468 322 2539 quique
353 2461 507 2523 erant
554 2471 686 2525 adeo
734 2474 899 2527 multi
934 2474 1182 2545 adeoque
1211 2474 1459 2529 veritatis
1488 2482 1764 2544 amantes,
1797 2475 1996 2529 salutis

111 2564 322 2637 cupidi,
373 2565 664 2621 sanctitate
714 2575 878 2638 atque
928 2569 1178 2623 doctrina
1217 2570 1434 2640 (saltem
1483 2570 1670 2640 inulti)
1723 2570 1992 2640 insigneS,

113 2660 321 2731 quique
343 2661 510 2715 etiam
530 2661 690 2716 tidem
713 2681 870 2717 suani
891 2664 1156 2736 martyrio
1185 2664 1401 2719 sortiter
1424 2665 1653 2720 tolerato
1673 2666 1993 2737 signabant,

114 2773 225 2809 non
258 2763 558 2829 potuerunt
604 2758 781 2832 decipi
832 2758 976 2812 eirca
1023 2758 1164 2813 sacta
1219 2778 1341 2831 quae
1384 2763 1735 2834 pertinebant
1766 2764 1834 2817 ad
1868 2763 1995 2819 fidei

111 2852 510 2921 sundanienta3
555 2873 655 2910 nec
687 2862 987 2928 potuerunt
1016 2855 1137 2910 sine
1170 2855 1470 2914 sufficienti
1516 2860 1773 2916 examine
1805 2868 1856 2916 et
1902 2862 1997 2916 ab·

112 2950 292 3005 soluta
320 2951 655 3007 certitudine
692 2951 833 3006 saeta
883 2953 996 3006 haec
1037 2953 1365 3020 admittere;
1419 2974 1520 3011 nec
1565 2958 1859 3014 voluerunt
1901 2966 1997 3014 aut

115 3051 415 3116 potuerunt
464 3047 846 3119 generationes
892 3048 1328 3125 christianorum
1383 3059 1677 3124 sequentes
1704 3054 1990 3129 decipere;

117 3158 217 3194 nec
247 3141 370 3196 fidei
390 3143 706 3198 christian-te
727 3143 1111 3216 praedicatores
1141 3147 1451 3220 potuissent
1485 3149 1827 3218 infidelibus,
1857 3166 1996 3219 quos

116 3234 183 3289 ad
207 3236 482 3291 Christum
515 3238 786 3293 adducere
806 3221 1151 3297 conabantur
1181 3249 1230 3297 et
1258 3261 1396 3314 quos
1423 3244 1605 3317 reipsa
1644 3244 1854 3314 ubique
1879 3249 1994 3297 tam

116 3333 323 3387 multos
359 3333 710 3391 adduxerunt
730 3337 1014 3393 veritatem
1038 3339 1312 3412 ejusmodi
1334 3341 1605 3395 factorum
1637 3340 1991 3414 persuadere,

116 3430 223 3485 nisi
256 3431 490 3486 fuissent
523 3433 862 3500 certissima3
898 3453 1080 3506 neque
1108 3442 1222 3491 tam
1244 3437 1408 3492 multi
1435 3437 1753 3508 christiani,
1773 3440 1994 3511 postha-

115 3525 245 3582 bitis
293 3529 552 3584 omnibus
598 3531 832 3586 terrenis
877 3532 1207 3601 commodis,
1239 3540 1444 3589 sortem
1473 3552 1534 3588 ac
1566 3534 1801 3591 salutem
1831 3554 1990 3591 suam

112 3623 431 3697 alligassent
475 3626 730 3682 Ecclesiae
760 3628 983 3698 Christi,
1019 3629 1126 3685 nisi
1169 3631 1410 3686 maxime
1447 3639 1732 3705 perspecta
1763 3633 1994 3690 habuis-
