2372 4108
855 198 976 246 PARS
1005 197 1175 245 pann.
1522 170 1527 175 ’
1871 188 1960 234 125

80 307 308 377 stasiuS,
336 305 446 364 nisi
470 306 658 363 Sedem
682 306 828 363 Petri
854 305 1081 361 haberet
1115 321 1212 378 pro
1239 299 1442 376 capite,
1476 295 1568 356 cui
1604 313 1800 354 omnes
1836 291 1959 349 aliae

79 405 420 479 subjaceant.

154 502 372 558 SANCTUS
398 501 710 570 Svmmcuus,
739 498 836 572 qui
863 503 1082 553 creatus
1105 500 1187 551 est
1208 494 1480 563 Pontifex,
1502 510 1649 550 anno
1680 492 1809 549 498.

156 601 216 655 In
235 600 434 657 litteris
455 599 572 655 suis
592 598 659 654 ad
676 595 971 653 Caesarium
996 594 1375 649 Arelatensem
1400 614 1410 645 ε
1447 613 1474 645 «
1494 591 1876 661 DecernimuS‚
1902 595 1966 646 ut

82 696 311 753 circaea
337 713 460 769 quae
497 702 612 751 tam
646 694 704 748 in
730 692 916 748 Galliae
950 708 1116 764 quam
1161 689 1217 744 in
1251 688 1526 762 Hispaniae
1561 689 1861 762 provinciis
1897 689 1967 745 de

85 811 251 849 causa
268 790 554 864 religionis
571 788 921 858 emerserint,
940 786 1163 843 solertia
1179 792 1290 841 tuae
1308 783 1674 840 fraternitatis
1694 784 1963 856 invigilet.

86 890 150 946 Et
193 890 240 946 si
283 889 425 945 ratio
450 887 759 964 poposcerit
788 884 1140 961 praesentiam
1188 882 1800 951 sacerdotum,servata
1839 899 1968 937 con-

90 987 404 1055 suetudine,
426 983 817 1058 unusquisque
832 990 939 1039 tuae
958 980 1276 1038 dilectionis
1303 979 1624 1035 admonitus
1640 979 1971 1035 auctoritate

91 1086 393 1143 conveniat.
426 1086 483 1142 Et
511 1085 558 1141 si
578 1084 670 1140 Dei
702 1082 976 1156 adjutorio
1007 1079 1383 1138 controversia
1412 1078 1666 1134 incidens
1690 1078 1972 1154 amputari

94 1182 354 1258 potuerit,
382 1180 559 1254 ipsius
592 1181 692 1235 hoc
721 1178 937 1235 meritis
974 1176 1320 1252 applicemus
1346 1197 1357 1229 :
1405 1174 1655 1247 alioquin
1682 1174 1974 1231 existentis

98 1281 299 1355 negotii
329 1278 566 1354 qualitas
608 1278 674 1331 ad
722 1278 917 1332 Sedem
963 1275 1333 1350 Apostolicam
1377 1281 1430 1330 te
1468 1275 1740 1331 referente
1787 1292 1975 1349 perve-

102 1378 215 1433 niat
258 1400 284 1430 »
367 1372 755 1448 (Conciliorum
808 1372 984 1426 Labbe
1054 1379 1204 1427 tomo
1259 1371 1344 1439 lV,
1422 1370 1528 1425 col.
1586 1369 1730 1425 1510
1758 1413 1772 1439 ,
1842 1369 1976 1425 edit.

103 1475 345 1544 Parisiis,
383 1472 572 1542 1671).
615 1469 692 1524 lbi
726 1468 879 1523 vides
918 1468 985 1523 ad
1020 1469 1213 1524 Sedem
1261 1469 1566 1523 Romanam
1605 1475 1872 1539 tanquam
1913 1468 1980 1522 ad

110 1587 426 1643 supremum
462 1574 514 1623 et
547 1563 808 1621 ultimum
836 1564 1082 1619 tribunal
1109 1564 1437 1620 deferendas
1463 1581 1583 1619 esse
1611 1582 1831 1633 causaS,
1861 1582 1984 1637 quae

106 1684 215 1720 non
246 1667 522 1741 potuerint
539 1647 602 1716 'in
636 1661 871 1716 concilio
895 1662 1106 1725 diri1ni3
1144 1662 1199 1714 id
1226 1680 1390 1734 porro
1421 1662 1687 1734 supponit
1714 1662 1980 1734 jurisdic-

106 1760 365 1816 tionalem
398 1757 626 1814 Romani
653 1757 911 1831 Episcopi
941 1757 1270 1830 primatum.

175 1858 393 1912 SANCTUS
418 1857 720 1926 llomusnAs,
751 1857 846 1928 qui
872 1862 1090 1911 creatus
1118 1862 1200 1911 est
1226 1855 1497 1926 Pontifex,
1524 1874 1671 1912 anno
1698 1856 1827 1912 514.

178 1956 234 2010 ln
260 1955 458 2013 litteris
481 1955 597 2011 suis
628 1954 695 2009 ad
719 1962 973 2010 sanctum
1002 1953 1317 2027 Remigium
1341 1977 1351 2008 :
1397 1976 1423 2007 «
1450 1954 1604 2010 Vices
1643 1955 1831 2028 itaque
1857 1975 1983 2012 nos-

105 2059 215 2109 tras
244 2069 341 2126 per
365 2070 530 2107 omne
552 2069 786 2123 regnum
822 2050 1009 2106 dilecti
1041 2058 1092 2107 et
1127 2050 1436 2124 spiritualis
1467 2050 1567 2105 filii
1608 2051 1784 2107 nostri
1811 2052 1986 2108 Ludo-

104 2147 277 2203 vici...
298 2148 558 2222 praesenti
581 2148 909 2204 auctoritate
931 2147 1407 2203 committimus...
1428 2147 1651 2212 Quoties
1674 2148 1987 2205 universale

105 2247 278 2322 poscit
303 2247 590 2320 religionis
617 2265 783 2302 causa
811 2246 1137 2315 concilium,
1180 2252 1234 2301 te
1260 2247 1448 2302 cuncti
1494 2247 1693 2303 fratres
1728 2255 1989 2304 evocante

107 2347 506 2402 conveniant...
526 2345 805 2418 Quidquid
827 2352 1013 2401 autem
1051 2346 1164 2400 illic
1190 2364 1288 2419 pro
1320 2346 1427 2401 fide
1445 2353 1498 2402 et
1524 2347 1754 2403 veritate
1780 2348 1987 2403 consti-

108 2449 315 2511 tutum,
355 2442 436 2497 vel
476 2442 699 2516 provida
745 2442 1161 2516 dispensatione
1201 2451 1563 2517 praeceptum,
1609 2444 1693 2499 vel
1736 2463 1989 2518 personae

111 2549 308 2598 nostrae
342 2542 670 2597 auctoritate
717 2542 883 2597 suerit
920 2542 1333 2610 confirmatum,
1381 2549 1560 2597 toturn
1593 2543 1659 2597 ad
1696 2543 1989 2599 scientiam

112 2645 357 2694 nostram
394 2639 664 2694 instructa
695 2638 984 2694 relationis
1017 2639 1369 2694 attestatione
1403 2639 1691 2712 perveniat
1722 2661 1748 2691 »
1779 2640 1989 2711 (Conci-

110 2733 313 2789 liorum
341 2735 518 2791 Labbe
546 2743 694 2791 tomo
725 2736 810 2805 IV,
841 2735 944 2791 col.
976 2734 1144 2804 1420,
1173 2735 1305 2790 edit.
1337 2735 1798 2806 Parisiis,1671).
1850 2735 1990 2790 Dum

111 2830 190 2885 sic
221 2831 491 2886 vicarium
517 2851 683 2887 suum
726 2850 825 2906 per
866 2831 1089 2899 Gallias,
1133 2838 1388 2887 sanctum
1426 2832 1741 2905 Remigium
1789 2832 1992 2888 consti-

111 2929 238 2999 tuit,
270 2931 463 3004 procul
490 2931 658 2987 dubio
690 2930 797 2986 sibi
822 2930 1119 3004 adscripsit
1138 2930 1550 3002 jurisdictionis
1585 2931 1912 3005 primatum.

187 3028 244 3082 ln
265 3031 444 3100 reyula
473 3032 593 3101 fidei
619 3030 708 3084 cui
733 3029 1084 3085 subscribere
1114 3029 1281 3101 jussit
1310 3029 1617 3084 Orientales
1657 3030 1988 3102 Episcopos:

118 3146 143 3175 «
175 3125 478 3196 Sequentes
512 3128 568 3181 in
592 3128 854 3183 omnihus
889 3128 1250 3202 apostolicam
1287 3128 1505 3195 Sedem,
1537 3135 1589 3182 et
1621 3127 1995 3200 ‚praedicantes

115 3221 302 3275 omnia
317 3221 436 3292 ejus
454 3222 774 3290 constituta,
806 3241 964 3296 spero
981 3205 1042 3278 ut
1063 3224 1118 3276 in
1138 3241 1250 3278 una
1270 3223 1665 3277 communione
1683 3221 1992 3288 vobiscum,

117 3299 286 3388 quam
319 3315 485 3371 Sedes
515 3316 822 3390 Apostolica
845 3318 1132 3390 praedicat,
1161 3335 1280 3372 esse
1307 3334 1546 3384 merear,
1587 3316 1643 3369 in
1664 3333 1774 3387 qua
1799 3322 1882 3371 est
1914 3315 1997 3370 in-

117 3421 266 3488 tegra
316 3422 367 3470 et
424 3432 585 3469 verax
638 3413 953 3468 christianae
1008 3413 1292 3485 religionis
1342 3412 1614 3467 soliditas·
1663 3411 1998 3468 Promittens

119 3512 307 3582 etiam,
331 3518 704 3586 sequestratos
731 3530 759 3565 a
783 3509 1176 3566 communione
1204 3509 1459 3564 Ecclesiae
1475 3508 1779 3578 catholicae,
1815 3510 1869 3566 id
1888 3518 1992 3580 est,

121 3628 230 3667 non
254 3611 664 3668 consentientes
686 3609 808 3666 Sedi
833 3609 1179 3683 Apostolicae‚
1206 3625 1399 3664 eorum
1428 3607 1656 3663 nomina
1676 3607 1823 3665 inter
1839 3627 1996 3666 sacra
