2372 4108
900 249 1023 295 PARS
1054 249 1219 296 PRIMA.
1944 251 1996 297 81

119 357 319 413 ductus
356 362 440 412 est
475 373 506 411 a
544 355 740 428 legatis
777 355 930 411 Sedis
968 355 1258 422 Romanae3
1305 360 1359 410 et
1400 353 1804 435 attendendum
1831 353 2002 411 simul

120 471 228 526 qua
259 453 326 509 de
370 471 535 509 causa
578 452 711 509 dicti
758 450 925 525 legati
965 468 1237 507 canonem
1279 450 1453 507 istum
1488 451 1868 526 allegaverint.
1921 451 2007 507 Ni-

121 550 324 606 mirum
350 550 550 625 pridie,
574 556 867 625 postquam
893 546 1126 603 Romani
1161 547 1444 604 Pontificis
1469 548 1649 622 Legati
1692 567 1723 604 a
1750 548 2006 627 synodali

119 667 380 704 consessu
423 647 814 715 discesserant,
851 643 1158 712 Orientales
1197 643 1453 719 Episcopi
1498 646 1784 702 decretum
1820 639 2005 703 edide-

122 753 268 815 rant,
301 763 410 818 quo
449 743 565 800 sedi
603 740 1226 815 Constantinopolitanae
1255 741 1439 797 locum
1473 745 1760 799 secundum
1789 744 1864 814 (id
1899 751 2008 816 est,

56 860 60 862 ’
124 844 364 918 primum
413 848 535 918 post
599 842 910 897 Romanum
973 839 1334 910 Antistitem)
1398 845 1590 895 contra
1659 841 2009 898 Nicaenorum

121 940 343 996 Patrum
388 958 626 996 canones
666 937 1044 994 vindicabant.
1110 935 1247 992 lIuic
1300 936 1523 992 decreto
1575 954 1737 992 suam
1787 938 2008 1013 opposi-

125 1039 329 1096 tionem
360 1038 814 1113 interposuerunt
843 1036 1108 1092 Romanae
1130 1035 1285 1091 Sedis
1313 1034 1526 1108 Legati3
1560 1040 1682 1090 tum
1721 1035 1868 1107 quod
1896 1035 2011 1092 edi-

125 1143 243 1194 tum
269 1137 465 1194 suisset
491 1136 626 1212 ipsis
656 1154 766 1191 non
804 1134 1194 1210 praesentibuS,
1232 1139 1353 1188 tum
1382 1132 1531 1205 quod
1558 1133 1822 1190 Romanae
1853 1134 2010 1190 Sedis

120 1234 247 1306 jura
278 1235 517 1302 laederet,
563 1240 684 1289 tum
722 1232 850 1306 quia
894 1230 1310 1287 contradicebat
1347 1229 1567 1286 Nicaeno
1609 1229 1832 1300 canoni}
1877 1250 2010 1304 quo,

130 1340 248 1405 post
276 1339 550 1389 assertum
578 1332 840 1387 Romanae
866 1331 1014 1387 sedis
1034 1333 1090 1386 in
1131 1331 1362 1385 omnibus
1379 1331 1692 1402 primatum,
1732 1331 2014 1387 secundus

130 1429 414 1501 dignitatis
441 1430 596 1484 locus
625 1428 1010 1484 Alexandrinae
1039 1427 1295 1482 Ecclesiae
1336 1426 1780 1499 adscribebatur,
1815 1428 2012 1484 tertius

132 1527 503 1594 Antiochense,
548 1531 783 1597 quartus
813 1524 1348 1598 Hierosolymitanae;
1384 1523 1459 1578 ita
1496 1530 1555 1578 ut
1596 1524 1662 1579 de
1700 1526 2012 1581 Constanti-

135 1623 452 1697 nopolitana
479 1621 604 1677 sede
631 1640 700 1676 ne
722 1620 929 1676 mentio
951 1619 1174 1692 quidem
1210 1619 1384 1675 fieret.
1419 1619 1541 1675 Haec
1577 1638 1707 1693 ergo
1744 1621 1851 1677 fuit
1882 1622 2015 1678 reci-

133 1720 284 1775 tandi
312 1719 538 1774 canonis
587 1718 726 1773 sexti
771 1712 974 1772 Nie'aeni
1002 1717 1236 1772 occasio,
1286 1717 1355 1770 De
1392 1734 1503 1787 quo
1546 1717 1625 1772 sic
1670 1719 1910 1774 habetur
1954 1720 2011 1774 in
2082 1720 2109 1739 ’

131 1816 300 1871 actis:
336 1837 362 1866 «
388 1813 776 1870 Gloriosissimi
815 1813 1032 1886 judices
1075 1813 1338 1868 dixerunt
1369 1834 1379 1865 :
1417 1819 1657 1885 utraque
1691 1832 1820 1887 pars
1856 1834 2016 1871 cano-

131 1933 225 1969 nes
251 1918 540 1988 proponat.
571 1911 939 1967 paschasinus
979 1909 1480 1967 reverendissimus
1512 1909 1841 1986 Episcopus,
1879 1913 2018 1970 vica—

131 2012 246 2068 rius
291 2010 435 2067 sodis
471 2008 819 2084 Apostolicae‚
860 2008 1111 2065 recitavit
1147 2029 1157 2060 ε
1217 2008 1585 2064 Trecentorum
1623 2010 1797 2065 decem
1825 2019 1876 2067 et
1907 2022 2016 2068 octo

127 2118 425 2168 scutatorum
445 2117 660 2183 patrum
687 2126 854 2164 canon
875 2118 1086 2164 sextus:
1113 2108 1249 2180 quod
1272 2107 1503 2163 Ecclesia
1541 2108 1781 2164 Romana
1812 2128 2016 2185 semper

126 2209 302 2263 habuit
347 2208 648 2279 primatum.
716 2204 909 2260 Teneat
974 2213 1149 2259 alitem
1206 2213 1254 2258 et
1296 2202 1585 2277 AEqyptus,
1642 2214 1699 2261 ut
1743 2209 2019 2281 episcopus

129 2304 466 2361 Alexandriae
506 2305 736 2358 omnium
773 2303 963 2358 habeat
1011 2309 1351 2374 potestatem,
1396 2305 1640 2374 quoniam
1687 2312 1734 2359 et
1780 2306 2017 2362 Romano

131 2401 377 2474 Episcopo
400 2401 506 2455 haec
531 2409 607 2455 est
634 2401 968 2455 consuetudo.
1002 2398 1260 2454 Similiter
1279 2408 1453 2454 autem
1474 2407 1522 2454 et
1550 2403 1636 2472 qui
1664 2404 1718 2456 in
1745 2403 2022 2459 Antiochia

129 2502 428 2554 constitutus
456 2506 551 2554 est.
575 2498 638 2554 Et
656 2501 706 2552 in-
730 2501 934 2553 eaeteris
957 2500 1236 2570 pro-vinciis
1254 2501 1539 2571 primatum
1557 2500 1784 2557 habeant
1801 2503 2025 2557 ecelesiae

129 2600 393 2654 civitatum
423 2598 811 2670 ampliorum...
851 2597 1114 2663 Quoniam
1140 2614 1263 2652 vero
1290 2615 1402 2651 mos
1442 2600 1687 2670 antiquus
1715 2601 1938 2655 obtinuit
1975 2611 2023 2656 et

128 2703 325 2750 vetusta
359 2695 594 2763 mnditia,
625 2700 681 2748 ut
709 2695 864 2748 etiam
890 2692 1058 2759 AEliae‚
1083 2694 1138 2747 id
1165 2702 1261 2761 est,
1292 2675 1735 2767 lerosolymorum
1764 2696 2020 2770 Episcopo

128 2791 424 2861 deferatur,
471 2791 650 2846 habeat
693 2796 1066 2862 consequenter
1107 2790 1352 2845 honorem
1384 2809 1565 2856 suum;
1604 2794 1695 2847 secl
1718 2793 2021 2866 Metropoli-

130 2896 251 2942 tano
292 2906 387 2942 sua
431 2889 656 2959 diffinitas
700 2888 845 2942 salva
890 2890 1009 2942 sit»
1070 2886 1462 2959 (Conciliorum
1513 2888 1691 2944 Labbe
1743 2895 1895 2945 tomo
1937 2890 2021 2953 lv,

128 2985 232 3039 col.
291 2985 427 3052 812,
484 2984 616 3040 edit.
670 2983 916 3054 Parisiis,
955 2984 1146 3058 1671).
1200 2985 1398 3040 Textus
1453 2992 1639 3042 autem
1685 3005 1898 3059 graecus
1941 2988 2019 3044 sic

132 3082 291 3136 hahet
321 3103 331 3134 t
367 3082 427 3137 ‘H
450 3088 680 3151 ἐκκλησίαι
708 3084 896 3153 Ῥώμης
924 3091 1121 3139 πάντοτε
1147 3088 1258 3155 ἔσχε
1286 3090 1342 3139 τὰ
1382 3094 1611 3157 πρωτεῖα.
1643 3091 1742 3157 ἔχει
1779 3097 2019 3160 τειγαρεῦν

129 3183 260 3249 καὶὴ
288 3184 556 3249 Αἴγυπτιος,
587 3189 705 3237 ὥστε
744 3188 820 3237 τὶν
850 3188 1098 3238 ἐπίσκοπα)
1141 3184 1490 3256 Αλεξανδρεὶας
1528 3192 1710 3239 πάντων
1742 3190 1866 3255 ἔχειν
1893 3187 2025 3249 ἐξευ-

130 3282 249 3346 cim,
280 3281 437 3345 ἐπειδὴ
466 3282 545 3331 καὶ
569 3302 634 3348 τῳ
657 3277 843 3348 Ῥώμης
864 3286 1103 3353 ἐπισκέπῳ
1126 3290 1259 3336 ταῦτα
1284 3269 1476 3351 συνῄθές
1502 3289 1691 3336 ἐστιν...
1713 3281 1832 3335 Haec
1860 3299 2025 3355 porro

134 3374 293 3428 verba
340 3372 419 3428 sio
476 3380 733 3429 accurate
796 3375 1154 3450 interpretari
1210 3395 1373 3449 posse
1428 3376 1690 3431 videntur
1721 3396 1730 3427 :
1796 3377 2026 3435 Ecclesia

113 3470 303 3534 „Romae
333 3471 626 3527 omnimode
660 3472 877 3526 obtinuit
907 3475 1207 3543 primatum.
1267 3472 1433 3526 Habet
1471 3473 1629 3542 iqitur
1668 3480 1716 3527 et
1750 3472 2021 3549 AE9y11t113‚

133 3575 186 3622 ut
210 3568 497 3641 Episcopus
522 3567 864 3623 Aleaeamlriae
896 3569 1123 3623 omnium
1150 3568 1333 3622 habeat
1375 3586 1573 3638 curum,
1609 3571 2028 3643 quandoquidem

137 3674 185 3721 et
209 3666 386 3722 Romae
420 3667 675 3741 Episcopo
714 3668 770 3722 id
810 3675 1108 3723 consuetum
1146 3675 1246 3736 est,
1290 3673 1386 3722 etc.
1435 3665 1498 3722 Et
1546 3666 1636 3723 hic
1682 3668 1902 3741 quidem
1942 3679 2023 3728 est

375 3793 404 3824 ι.
1725 3784 1751 3828 6
