2320 4010
928 191 1054 240 PARS
1084 190 1254 238 mnu.
1854 158 1867 164 χ
1951 188 2040 234 195

162 297 451 367 ann0192,
471 297 1100 355 excommunicationem
1117 293 1489 352 comminatus
1516 298 1597 351 est
1619 289 1871 349 Asiaticis
1890 291 2042 367 Epis·

161 395 312 471 copis
356 395 466 452 nisi
500 413 714 453 morem
752 414 919 453 suum
963 393 1303 466 corrigerent
1326 392 1510 467 quoad
1532 391 1680 448 diem
1721 390 2039 449 celebrandi

164 491 433 567 paschalis
461 492 611 563 testi,
637 499 778 550 teste
809 491 1044 548 Eusebio
1071 490 1292 562 (Histor.
1323 489 1363 545 l.
1389 489 1451 559 V,
1475 507 1525 546 c.
1554 491 1714 558 xxrv).

239 592 294 647 S.
330 589 687 647 Innocentius
716 589 737 643 I
764 587 1262 645 excommunicavit
1302 569 1603 643 Arcadium
1645 589 2038 663 imperatorem

172 695 225 745 et
257 706 481 745 uxorem
511 687 630 759 ejus
658 685 961 743 Eudoxiam
994 685 1082 741 his
1122 684 1304 740 verbis
1334 685 1551 756 :Itaque
1590 704 1685 756 eqo
1713 689 1958 742 minimus
1992 698 2044 744 et

164 794 421 858 peccator,
449 788 531 841 cui
564 786 781 840 thronus
813 785 988 854 mayni
1017 781 1241 855 apostoli
1278 780 1424 836 Petri
1448 781 1670 836 traditus
1700 790 1799 848 est,
1829 800 2043 855 seyreyo

174 889 222 936 te
248 879 451 937 etillam
468 900 498 936 a
518 882 847 954 perceptione
862 878 1314 934 immaculatorum
1339 878 1704 948 mysteriorum
1730 876 1925 932 Christi
1947 878 2045 934 Dei

168 981 351 1033 nostri.
378 979 686 1052 Episcopum
720 980 877 1034 etiam
918 992 1119 1032 omnem
1170 981 1261 1030 aut
1300 974 1619 1028 clericum...
1662 975 1748 1044 qui
1794 975 2045 1031 adminis-

178 1083 317 1131 trare
344 1083 431 1131 aut
467 1075 706 1131 exhibere
729 1093 790 1130 ea
830 1076 971 1129 vobis
1015 1091 1172 1128 ausus
1197 1071 1376 1142 fuerit,
1413 1071 1472 1126 ab
1514 1088 1576 1125 ea
1603 1071 1736 1126 hora
1777 1090 1877 1143 qua
1906 1090 2046 1144 prae-

171 1178 341 1225 sentes
368 1171 554 1225 vinculi
592 1173 693 1224 mei
740 1170 963 1241 leqeritis
989 1168 1212 1234 litteras,
1263 1167 1519 1238 dignitate
1547 1184 1642 1220 sua
1672 1167 1929 1221 excidisse
1964 1167 2049 1221 cle-

175 1283 323 1320 cerno
354 1265 614 1338 (Epistola
631 1265 698 1319 ad
724 1263 1016 1319 Arcadium
1035 1305 1049 1333 ‚
1090 1262 1233 1335 apud
1261 1261 1440 1317 Labbe
1467 1268 1616 1316 tomo
1640 1261 1706 1331 II,
1737 1262 1842 1317 col.
1875 1262 2045 1332 1559,

185 1361 314 1416 edit.
345 1361 586 1426 ParisiiS,
619 1360 809 1431 1671).
838 1360 945 1415 Nec
988 1359 1299 1432 objiciatur,
1330 1376 1359 1412 a
1391 1365 1577 1414 sancto
1606 1357 1770 1413 etiam
1814 1359 2048 1413 Ambro-

174 1456 252 1510 sio
279 1456 814 1512 excommunicatum
854 1456 1024 1511 fuisse
1051 1455 1412 1511 Theodosium
1454 1455 1862 1526 imperatorem,
1910 1457 2047 1528 quin

181 1551 306 1607 inde
334 1558 521 1607 sancto
552 1551 839 1607 Ambrosio
865 1551 1126 1607 vindicari
1151 1558 1309 1623 queat
1340 1552 1614 1625 primatus
1637 1552 2046 1624 jurisdictionis

176 1648 227 1702 in
261 1649 575 1704 universam
600 1649 919 1704 Ecclesiam.
955 1650 1091 1704 Nam
1117 1650 1438 1704 Ambrosius
1465 1650 1522 1704 id
1555 1650 1683 1706 fecit
1721 1650 1777 1704 in
1805 1650 2045 1706 Ecclesia

169 1762 283 1810 sua,
309 1743 528 1814 quando
566 1744 869 1816 imperator
888 1743 1227 1798 Theodosius
1247 1744 1533 1799 Mediolani
1560 1745 1748 1799 sedem
1785 1745 2037 1801 haberet.

162 1840 233 1891 At
258 1838 730 1893 excommunicare
766 1838 1009 1909 aliquem
1052 1845 1203 1894 extra
1240 1838 1699 1895 Mediolanensem
1750 1840 2032 1895 dioecesim

164 1951 448 2005 nunquam
495 1953 665 2002 ausus
715 1934 930 1990 suisset.
985 1934 1338 1990 Innocentius
1396 1943 1582 1992 autem
1645 1936 2038 2014 imperatorem

167 2029 633 2104 Constantinopoli
673 2035 943 2086 extantem
993 2037 1045 2085 et
1085 2038 1520 2086 commorantem
1570 2032 2035 2087 excommunicat.

159 2124 438 2197 Simulque
491 2126 1125 2182 excommunicationem
1180 2127 1425 2184 minatur
1489 2129 1717 2185 cuilibet
1770 2130 2038 2204 Episcopo

161 2221 254 2292 qui
291 2221 538 2293 praefatos
580 2223 970 2295 imperatorem
1013 2231 1064 2279 et
1112 2223 1525 2297 imperatricem
1568 2225 1637 2280 ad
1692 2234 2035 2283 sacramenta

163 2317 404 2388 recipere
429 2324 739 2374 attentaret.

243 2412 532 2483 Gregorius
566 2414 706 2486 Papa
738 2414 806 2468 III
837 2417 1330 2474 excommunicavit
1353 2419 1589 2475 Leonem
1614 2421 2028 2493 imperatorem,

168 2513 301 2586 teste
322 2508 523 2563 Zonara
552 2507 609 2562 in
632 2508 749 2564 Vita
781 2510 970 2566 Leonis
1006 2513 1202 2568 Isauri.

235 2602 1173 2662 Nicolauslexcommunicationem
1202 2608 1444 2664 minatus
1483 2618 1563 2666 est
1617 2610 1868 2666 Lothario
1892 2611 2028 2683 regi,

169 2705 218 2752 ct
259 2699 436 2772 reipsa
464 2703 956 2758 excommunicavit.
986 2706 1354 2761 concubinam
1380 2707 1496 2778 ejus
1527 2708 1871 2777 Valdradam,
1909 2727 2032 2764 nec-

165 2810 269 2847 non
294 2793 669 2852 Coloniensem
696 2804 746 2852 et
771 2798 1148 2855 Trevirensem
1177 2802 1645 2876 Archiepiscopos.

883 3099 1126 3159 CAPUT
1175 3101 1286 3160 XII

299 3249 329 3278 A
340 3246 723 3284 tutan-:mu
746 3252 830 3286 Ex
852 3254 935 3287 Eo
957 3256 1119 3299 9:3⁰1)
1142 3258 1431 3292 nonlets
1455 3258 1765 3291 Pom'nrnx
1787 3258 1887 3291 §1¹1¹

677 3317 1021 3355 SOEGOEOEOB
1042 3322 1256 3356 §Aaou
1281 3324 1493 3356 Pnrlu.

226 3445 456 3502 Sanctus
498 3449 686 3505 Petrus
732 3471 760 3506 a
796 3451 1006 3508 Christo
1038 3455 1242 3527 accepit
1275 3455 1679 3527 jurisdictionis
1715 3460 2018 3533 primatum

31 3556 73 3595 ·.
155 3542 207 3596 in
260 3544 569 3600 universam
622 3547 938 3621 Ecclesiam,
985 3556 1034 3605 ct
1086 3569 1148 3606 cx
1196 3551 1385 3606 eadem
1437 3552 1634 3610 Christi
1674 3555 2019 3616 institutione
