2320 4010
813 191 940 236 PARS
971 190 1208 237 SECUNDA.
1791 235 1794 238 ,
1852 184 1952 237 '515

77 295 334 352 ciliorum
361 295 619 351 disserant
645 301 962 369 potestateS,
990 294 1069 350 sic
1101 294 1414 368 distinguas
1438 310 1666 351 necesse
1701 299 1783 350 est
1805 315 1816 349 :
1838 294 1948 351 Aut

77 393 228 448 enim
255 393 373 447 sine
407 390 662 447 Pontificc
701 391 1042 464 colliguntur
1071 391 1238 464 (quod
1271 390 1328 447 in
1353 391 1573 448 casibus
1608 397 1828 448 tantum
1851 391 1948 464 qui

81 490 216 546 citra
243 488 551 563 periculum
577 486 787 543 differri
819 493 1102 560 nequeunt
1135 487 1254 543 sieri
1279 487 1624 557 conceditur)
1648 494 1701 544 et
1729 493 1864 544 tunc
1882 487 1951 544 ad

83 586 205 642 illos
229 585 452 660 praecise
471 602 631 640 casus
663 584 888 639 illorum
915 590 1157 658 potestas
1179 590 1263 639 est
1289 591 1592 653 coarctata,
1614 590 1675 640 ut
1698 584 1950 658 proxime

80 680 290 735 dictum
311 685 420 742 est;
446 685 541 734 aut
569 696 599 733 a
623 678 763 751 Papa
791 684 1185 746 convocantur,
1219 678 1315 749 qui
1338 679 1420 733 vel
1450 678 1517 733 ad
1553 685 1702 734 certa
1733 679 1951 752 negotia

78 775 417 849 expedienda
447 791 604 830 suam
630 773 949 847 impertitur
990 774 1414 839 auctoritatem;
1451 782 1502 830 et
1528 781 1664 832 tunc
1690 777 1952 834 similiter

78 870 350 944 quidquid
383 876 535 925 extra
572 869 661 924 illa
695 869 754 924 fit
799 869 1021 923 irritum
1049 874 1152 938 est,
1180 875 1241 923 ut
1271 869 1370 924 Leo
1410 870 1597 924 docuit
1625 877 1679 929 et
1705 872 1953 930 Gelasius

78 965 488 1020 confirmavit...
514 964 630 1018 :vel
658 962 898 1034 denique
927 963 1148 1035 plenam
1177 963 1256 1017 eis
1271 963 1492 1018 exhibet
1515 970 1843 1036 potestatem
1867 990 1879 1032 ;
1901 973 1953 1020 et

77 1077 141 1116 eo
165 1078 295 1115 casu
331 1063 561 1133 possunt
602 1058 967 1131 qiiaecumque
1004 1058 1219 1130 negotia
1251 1058 1566 1114 diffinire...
1596 1059 1674 1114 Ad
1707 1078 1823 1116 rem
1851 1061 1952 1134 igi-

76 1162 167 1211 tur
187 1156 498 1222 redeunteS,
535 1154 796 1223 dicimuS,
822 1155 969 1226 quod
1003 1155 1222 1210 etiamsi
1249 1161 1359 1211 tota
1397 1155 1797 1230 Episcoporum
1825 1159 1952 1212 uni-

77 1253 302 1308 versitas
334 1253 389 1306 in
416 1252 819 1307 Constantiensi
844 1253 1052 1325 synodo
1080 1252 1372 1323 adfuisset,
1403 1260 1733 1308 tamencum
1759 1273 1951 1311 eorum

79 1349 328 1403 omnium
360 1355 600 1421 potestas
631 1355 774 1403 esset
809 1349 875 1402 ad
906 1366 1067 1403 casus
1104 1349 1364 1403 instantis
1391 1350 1735 1406 necessitatis
1767 1369 1952 1407 coarc-

84 1451 214 1511 tata,
248 1445 314 1498 ab
357 1444 435 1499 eis
467 1444 802 1516 promulgari
834 1445 1144 1500 sanctiones
1180 1445 1286 1499 illae
1324 1463 1432 1500 non
1462 1446 1790 1517 potuissent,
1830 1466 1953 1520 quae

83 1548 266 1613 postea
294 1540 536 1611 legitime
562 1540 728 1595 creati
759 1547 810 1595 et
830 1541 963 1597 certi
987 1541 1262 1596 Pontificis
1285 1541 1570 1596 autoritati
1595 1542 1948 1615 derogarent.

79 1637 232 1690 'l'ales
277 1643 460 1691 autem
508 1637 766 1691 videntur
804 1655 924 1692 esse
963 1637 1387 1711 constitutiones
1425 1645 1638 1709 quartae
1665 1646 1716 1695 et
1743 1640 1952 1711 quintae

79 1732 340 1786 sessionis
371 1732 536 1803 hujus
578 1732 819 1801 concilii,
854 1733 901 1787 si
930 1751 992 1787 eo
1041 1733 1203 1787 modo
1238 1751 1347 1804 quo
1385 1735 1452 1788 ab
1502 1737 1951 1807 oppugnantibus

75 1825 411 1880 Pontilieiam
438 1826 778 1898 majestatem
807 1827 1243 1898 intelligantur»
1274 1828 1372 1898 (ita
1396 1828 1708 1886 Cardinalis
1730 1832 1947 1900 Albani,

73 1919 127 1972 in
145 1922 373 1973 secunda
389 1927 542 1992 parte
566 1921 649 1975 sui
673 1927 939 1976 tractatus
959 1923 1022 1975 de
1046 1923 1312 1976 Potes-tate
1331 1923 1507 1994 Papae,
1537 1941 1566 1977 a
1586 1942 1819 1980 numero
1839 1927 1943 1982 187

73 2014 139 2068 ad
169 2015 316 2084 227).
784 2016 790 2018 ”

139 2111 418 2165 Pnoposmo
429 2111 555 2166 Vll³.
569 2112 790 2167 —Dicta
813 2114 1025 2168 decreta
1047 2113 1470 2170 Constantiensia
1485 2119 1735 2172 sessionis
1746 2128 1946 2190 quartae

72 2213 118 2259 et
136 2209 322 2276 quintae
350 2209 498 2260 nihili
524 2207 764 2275 facienda
787 2218 926 2274 sunt,
950 2212 1070 2279 qnia
1096 2228 1260 2281 neque
1295 2213 1498 2266 concilii
1526 2215 1759 2283 indictio,
1781 2235 1945 2288 neque

73 2301 216 2368 sauna
244 2302 445 2371 publica
480 2304 719 2356 catholici
751 2305 889 2357 orbis
931 2305 1213 2376 Episcopos
1257 2319 1668 2380 praemonuerat,
1718 2304 1939 2368 tractan-

74 2393 194 2446 dum
204 2395 316 2463 sore
338 2395 401 2448 cle
418 2399 722 2450 auctoritate
736 2399 938 2451 concilii
963 2417 1125 2469 supra
1149 2400 1377 2471 Papam:
1395 2410 1443 2455 et
1459 2404 1578 2457 ideo
1600 2408 1773 2475 quoad
1796 2412 1809 2462 i
1818 2408 1942 2462 llam-

74 2492 365 2556 materiam,
400 2492 486 2561 jus
518 2492 827 2561 absentium,
872 2494 927 2546 id
971 2503 1047 2548 est
1087 2496 1299 2566 majoris
1334 2500 1506 2567 partis
1545 2499 1941 2573 Episcoporum,

74 2602 177 2639 non
196 2586 486 2640 devolutum
506 2589 607 2657 fuit
628 2589 696 2642 ad
713 2598 1010 2660 praesentes.
1030 2622 1096 2630 —
1115 2591 1178 2645 Ut
1197 2593 1567 2665 perspiciatur
1586 2601 1942 2671 peremptorii

74 2680 239 2751 liujus
265 2682 572 2751 argumenti
594 2683 692 2748 viS,
721 2685 988 2739 nonnulla
1017 2687 1374 2758 praenotanda
1393 2695 1539 2744 sunt.
1566 2690 1793 2752 Quando
1824 2695 1939 2766 agi-

72 2782 162 2830 tur
181 2776 390 2847 dejure
423 2795 517 2832 seu
551 2785 819 2851 potestate
850 2781 1013 2835 alicui
1042 2784 1366 2838 universitati
1388 2803 1484 2840 seu
1513 2786 1678 2842 alicui
1708 2790 1937 2863 collegio

62 2878 428 2943 competente,
461 2881 672 2928 certum
699 2881 919 2930 estnon
954 2877 1130 2932 valere
1149 2880 1295 2950 quod
1325 2897 1352 2934 a
1377 2882 1743 2953 praesentibus
1764 2903 1940 2940 mem-

70 2965 183 3028 bris
218 2966 478 3036 majorem
511 2970 723 3042 collegii
773 2980 987 3045 partem
1027 2991 1136 3028 non
1173 2976 1641 3034 constituentibus
1689 2980 1937 3035 decerni-

73 3066 183 3126 tur,
204 3061 311 3114 nisi
337 3062 590 3119 absentes
602 3068 667 3120 ad
693 3068 1150 3126 deliberationem
1172 3074 1346 3128 vocati
1363 3074 1590 3141 suerint,
1607 3081 1659 3129 et
1677 3075 1935 3132 sciverint

70 3153 138 3208 de
156 3172 393 3226 quanam
420 3174 477 3210 re
498 3163 851 3217 statuendum
874 3166 968 3234 sit,
983 3173 1034 3220 et
1050 3167 1234 3221 venire
1253 3168 1557 3234 noluerint,
1578 3169 1715 3223 etde
1737 3186 1932 3226 eorum

70 3250 410 3304 contumacia
432 3253 755 3309 constiterit.
783 3259 937 3320 Quod
959 3260 1003 3312 si
1031 3278 1221 3313 omnes
1244 3261 1417 3314 vocati
1448 3261 1581 3331 sint,
1606 3268 1659 3318 et
1682 3266 1932 3323 noverint

70 3345 137 3399 (le
166 3363 274 3416 quo
306 3347 575 3417 agendum
609 3348 701 3418 sit,
734 3352 828 3421 qui
853 3353 1045 3407 adesse
1073 3354 1378 3424 negligunt,
1413 3357 1610 3412 merito
1637 3368 1934 3419 censentur

62 3441 174 3511 juri
210 3459 309 3495 suo
344 3443 666 3499 renuntiare
690 3453 742 3500 et
771 3453 953 3501 ratum
980 3449 1179 3504 habere
1210 3451 1356 3520 quod
1392 3469 1421 3506 a
1448 3456 1812 3524 praesentibus
1838 3460 1933 3515 ‹le-

66 3543 347 3602 eernetur;
380 3538 569 3610 sicque
599 3541 769 3596 totius
811 3543 1188 3600 universitatis
1215 3562 1311 3601 seu
1342 3548 1557 3621 collegii
1590 3557 1829 3624 potestas
1866 3557 1934 3613 ad

303 3658 334 3687 1.
1637 3658 1695 3704 33
