2320 4010
331 219 421 265 214
1009 205 1307 251 TRACTATUS
1337 205 1401 250 DE
1433 206 1580 252 PAPA.

333 321 586 397 corporis
627 314 882 382 moraliS,
923 311 1148 368 aedifieii
1196 327 1366 387 super
1405 330 1522 368 uno
1564 311 1811 383 fundati,
1855 313 2096 372 civitatis
2152 335 2251 375 seu

332 415 614 476 societatis
649 412 743 470 cui
782 409 971 487 praesit
1009 409 1253 484 claviger
1293 427 1421 466 cum
1458 428 1683 467 summa
1723 415 1998 486 potestate
2038 411 2251 486 ligandi

331 519 500 587 atque
536 510 809 568 solvendi.
842 509 1014 567 Porro
1043 508 1195 585 typis
1225 508 1502 584 ejusmodi
1529 495 1868 583 exprimitur
1902 508 2083 566 forma
2126 528 2253 586 pro-

330 610 453 686 prie
482 610 872 667 monarchica.
907 608 1027 665 Non
1054 607 1205 665 enim
1234 613 1316 666 est
1344 626 1583 683 regnum
1610 608 1833 683 proprie
1869 608 2110 680 dictum,
2142 609 2255 667 nisi

331 708 425 765 cui
451 715 653 784 praeest
688 726 782 764 rex
821 726 921 764 seu
954 707 1259 763 monarcha
1295 706 1525 782 proprie
1557 705 1760 773 dictus;
1804 724 1908 763 nec
1945 707 2111 779 ovile,
2144 706 2255 764 nisi

332 806 484 880 quod
509 813 663 880 regat
694 811 908 881 pastor,
938 805 1136 878 utique
1163 823 1293 860 cum
1325 809 1598 879 potestate
1628 803 1852 879 proprie
1895 805 2255 862 monarchica

331 905 564 962 relative
590 904 660 961 ad
684 923 815 961 oves
842 922 994 972 suas3
1034 921 1137 959 nec
1165 922 1358 977 corpus
1385 903 1600 959 morale
1621 902 1731 958 nisi
1758 902 1850 958 cui
1877 903 2065 977 praesit
2089 910 2259 977 caput

334 1019 466 1058 cum
492 1008 766 1077 potestate
791 1001 1110 1076 regiminis;
1143 1019 1246 1058 nec
1272 999 1575 1057 aedificium
1599 1019 1770 1076 supra
1794 1018 1907 1056 uno
1930 1000 2255 1073 fundatum,

333 1099 446 1156 nisi
471 1099 574 1156 iste
608 1118 759 1156 unus
802 1106 1075 1172 tanquam
1105 1099 1541 1156 fundamentum
1573 1105 1749 1155 totam
1776 1098 1948 1155 aedem
1983 1098 2259 1155 sustineat

333 1216 599 1273 suprema
635 1176 738 1254 sua
782 1198 841 1252 in
869 1215 1068 1254 omnes
1097 1203 1391 1273 potestate.
1417 1197 1595 1263 Quam
1627 1198 1797 1255 etiam
1834 1196 2256 1253 monarchicam

335 1303 671 1372 potestatem
698 1296 968 1371 exprimit
996 1302 1246 1372 potestas
1272 1297 1517 1352 clavium
1549 1296 1651 1351 uni
1681 1295 1909 1351 tradita.

371 1395 667 1477 ⁹Arquitur
693 1394 750 1448 2⁰
787 1413 855 1449 θα)
893 1396 1272 1468 praeroyativz's
1305 1394 1544 1466 apostolo
1579 1393 1743 1449 Petro
1778 1394 2003 1448 collati&
2027 1424 2096 1432 —
2117 1392 2258 1448 Eum

334 1492 548 1568 quippe
606 1492 860 1549 Christus
910 1493 1182 1549 Dominus
1238 1492 1534 1550 constituit
1593 1491 1849 1548 Ecclesiae
1899 1509 2011 1548 suae
2060 1491 2261 1548 funda-

336 1596 619 1660 mentum,
671 1598 955 1665 pastorem
1014 1609 1371 1667 supremum,
1422 1609 1713 1647 summum
1768 1590 2135 1664 clavigerum,
2198 1608 2259 1646 ac

334 1689 578 1745 fratrum
606 1689 1085 1745 confirmatorem.
1124 1690 1256 1754 Quae
1291 1690 1668 1764 praerogativae
1710 1689 2134 1746 monarchicam
2165 1707 2261 1762 po-

337 1792 598 1842 testatem
627 1794 895 1859 arguunt.
1037 1795 1044 1801 '

413 1884 672 1956 Arquilur
696 1884 750 1940 5⁰
782 1902 848 1952 ex
884 1885 1173 1939 traditione
1198 1886 1422 1958 scripta.
1455 1918 1525 1927 —
1550 1885 2031 1958 Frequentissima
2059 1904 2262 1960 nempe

336 1980 565 2038 Patrum
602 1999 666 2038 ac
697 1981 1075 2038 conciliorum
1119 1983 1476 2054 documenta,
1516 1983 1727 2055 quibus
1755 1982 2045 2039 Romanus
2078 1983 2259 2040 Ponti-

342 2078 431 2134 fex
459 2079 670 2136 dicitur
710 2080 886 2135 totius
919 2079 1176 2136 Ecclesiae
1212 2080 1498 2155 princepS‚
1534 2087 1701 2155 caput
1750 2086 2107 2155 supremum,
2136 2082 2260 2138 sun-

343 2178 699 2251 damentum,
729 2196 991 2236 summus
1041 2185 1252 2254 pastor,
1281 2179 1587 2255 Episcopus
1627 2179 2052 2255 Episcoporum‚
2109 2181 2264 2255 Epis-

341 2295 514 2354 copus
541 2279 903 2350 universalis‚
927 2279 1038 2334 dux
1067 2296 1329 2335 summus
1362 2278 1660 2335 christiani
1685 2278 1902 2353 populi,
1934 2284 2041 2334 etc.

417 2377 671 2450 Arquitur
713 2378 768 2432 4⁰
807 2396 873 2433 ea:
918 2378 1214 2432 traditione
1250 2380 1517 2451 practica.
1542 2410 1613 2419 —
1643 2377 1782 2433 Nam
1824 2375 2067 2432 Ecclesia
2121 2391 2265 2430 sem-

336 2492 439 2551 per
463 2478 777 2550 guhernata
808 2476 916 2532 fuit
948 2483 1224 2551 tanquam
1268 2477 1598 2533 monarchia
1627 2476 1855 2552 proprie
1884 2475 2054 2548 dicta,
2079 2479 2130 2531 et
2155 2474 2262 2529 Ro-

338 2575 492 2631 mani
543 2577 857 2655 PontificeS‚
908 2576 1053 2633 Petri
1101 2594 1479 2648 successoreS‚
1522 2581 1848 2633 constanter
1890 2577 2264 2631 exercuerunt

335 2690 620 2731 summam
660 2677 954 2750 regiminis
992 2682 1353 2751 potestatem,
1388 2676 1576 2752 qualis
1609 2675 1931 2731 fnonarchae
1973 2671 2259 2746 competit.

413 2773 668 2845 Arquitm·
724 2777 778 2830 5⁰
827 2795 893 2832 ex
946 2795 1005 2832 eo
1053 2776 1191 2849 quod
1231 2785 1475 2851 potestas
1500 2777 1609 2832 haee
1647 2774 1986 2831 monarchica
2044 2772 2262 2842 definita

337 2872 503 2944 suerit
540 2873 712 2944 quoad
747 2891 979 2929 sensum.
1009 2906 1079 2915 —
1109 2875 1163 2930 1⁰
1194 2873 1286 2930 Sic
1328 2875 1575 2930 decrevit
1621 2871 1973 2929 oecumenica
2009 2868 2261 2946 synodus

336 2956 659 3026 Florentina
690 2993 751 3025 :«
779 2971 1085 3027 Definimus
1122 2977 1377 3028 sanctam
1432 2970 1796 3046 apostolicam
1841 2967 2039 3023 Sedem
2075 2970 2126 3022 et
2155 2965 2266 3021 Ro-

337 3086 573 3124 manum
596 3069 920 3125 Pontificem
946 3069 1005 3124 in
1034 3068 1373 3150 universum
1401 3068 1598 3124 orbem
1618 3073 1811 3123 tenere
1829 3065 2172 3141 primatum3
2206 3070 2261 3120 et

340 3168 526 3243 ipsum
545 3169 870 3226 Pontificem
891 3169 1210 3224 Romanum
1227 3185 1609 3224 successorem
1629 3185 1753 3223 esse
1770 3165 1921 3222 beati
1941 3163 2088 3220 Petri
2108 3162 2263 3238 prin·

339 3267 480 3343 cipis
519 3267 928 3341 apostolorum,
962 3273 1017 3324 et
1048 3285 1249 3323 verum
1270 3266 1478 3324 Christi
1501 3265 1803 3333 vicarium,
1841 3262 2133 3334 totiusque
2160 3260 2259 3315 Ec-

341 3367 525 3424 clesiae
551 3374 742 3443 caput,
781 3372 830 3423 et
868 3366 1126 3423 omnium
1159 3365 1609 3422 christianorum
1638 3368 1857 3439 patrem
1887 3379 1951 3417 ac
1973 3361 2256 3416 doctorem

338 3467 611 3533 existere3
650 3474 703 3524 ct
749 3466 857 3542 ipsi
893 3466 949 3521 in
979 3466 1141 3523 beato
1166 3466 1325 3522 Petro
1361 3462 1654 3541 pascendi,
1688 3460 1920 3534 regendi
1962 3478 2026 3515 ac
2049 3459 2256 3532 guber·
2298 3533 2304 3537 .

339 3566 514 3621 nandi
561 3566 946 3622 universalem
983 3564 1291 3621 Ecclesiam
1320 3583 1350 3621 a
1385 3562 1619 3620 Domino
1645 3566 1839 3616 nostro
1878 3559 2011 3616 Jesu
2038 3555 2256 3612 Christo

336 3662 550 3732 plenam
565 3673 888 3739 potestatem
919 3663 1188 3720 traditam
1233 3681 1378 3720 esse.
1414 3684 1442 3716 »
1478 3662 1647 3719 Porro
1673 3661 1833 3735 plena
1857 3665 2098 3734 potestas
2128 3654 2256 3711 uni-
