2320 4010
924 231 1046 277 PARS
1074 230 1244 277 Pium.
1520 199 1524 201 ⁴
1943 229 2029 276 199

225 338 279 393 5⁰
316 337 468 402 Quod
508 336 763 393 Christus
799 335 916 411 ipse
957 334 1263 391 instituerit
1306 352 1368 390 ac
1407 333 1707 390 decreverit
1749 334 2028 391 Romanos

149 433 464 507 Episcopos,
497 438 549 490 et
576 451 687 489 non
725 432 887 498 alioS,
916 430 1059 486 Petri
1089 442 1438 510 successores
1462 430 1581 487 fore
1603 430 1784 504 quoad
1821 431 2028 504 prima-

107 567 111 572 ·
150 536 267 585 tum
303 546 401 584 seu
428 534 748 603 potestatem
775 524 1027 599 regendae
1054 525 1390 582 universalis
1420 524 1693 592 Ecclesiae,
1721 524 1880 581 valde
1905 525 2029 598 qui-

151 626 275 682 dem
317 626 601 700 probabile
635 631 746 691 est;
790 630 846 680 at
886 639 999 678 nou
1039 629 1121 678 est
1163 622 1479 692 definitum,
1522 640 1623 679 nec
1661 623 1829 679 etiam
1873 630 2028 680 extra

150 721 574 778 controversiam
619 719 885 794 positum.
926 717 1172 783 Dicimus
1213 736 1332 773 esse
1372 720 1523 774 valde
1561 721 1831 798 probabile
1855 742 1870 774 .·
1897 739 2027 777 cum

147 817 295 872 enim
328 822 404 872 tot
441 816 546 871 alia
577 815 826 870 Christus
868 820 1058 870 sancto
1100 814 1259 869 Petro
1300 816 1651 882 revelaverit,
1697 833 1761 870 30
1803 817 1878 873 ita
1920 818 2025 892 ipsi

143 914 444 986 primatum
473 912 792 979 contulerit,
818 917 881 967 ut
918 910 1090 966 simul
1126 911 1194 965 ad
1233 929 1580 967 successores
1603 914 2024 986 praerogativam

138 1008 291 1063 illam
332 1007 831 1064 transfundendam
873 1008 1223 1082 apertissime
1263 1007 1535 1077 docuerit,
1576 1007 1882 1063 verisimile
1911 1026 2025 1064 non

141 1110 220 1158 est
250 1121 374 1158 eum
402 1103 622 1159 siluisse
658 1102 724 1159 de
751 1103 913 1159 modo
949 1122 1047 1160 seu
1077 1103 1291 1160 ratione
1314 1102 1639 1175 hujusmodi
1677 1121 2025 1160 successores

144 1199 542 1256 determinandi
589 1219 651 1256 ac
701 1201 1096 1257 constituendi.
1147 1201 1438 1256 Enimvero
1489 1200 1876 1256 determinatio
1909 1202 2025 1258 haec

145 1297 211 1350 ad
231 1296 480 1352 Ecclesiae
501 1297 706 1353 bonum
727 1315 896 1370 quam
920 1297 1162 1353 maxime
1184 1298 1522 1353 conferebat.
1546 1296 1778 1371 Insuper
1799 1297 2023 1370 ipsimet

145 1398 332 1446 sancto
373 1393 527 1447 Petro
571 1394 724 1448 valde
765 1394 1068 1467 optandum
1112 1393 1218 1449 fuit
1254 1399 1316 1448 ut
1359 1393 1415 1447 in
1458 1411 1519 1447 re
1564 1393 1707 1448 tanti
1748 1394 2020 1449 momenti

147 1488 418 1558 quomodo
447 1506 564 1543 sese
605 1505 793 1560 gerere
822 1489 1064 1557 deberet,
1102 1489 1222 1562 ipso
1252 1489 1483 1543 Domino
1518 1488 1749 1544 docente
1790 1507 1852 1544 ac
1883 1507 2021 1562 prae-

145 1582 383 1655 cipiente
411 1583 662 1644 disceret.
690 1584 788 1639 Pro
814 1602 1033 1639 summa
1065 1601 1194 1655 ergo
1219 1602 1319 1639 sua
1347 1583 1692 1656 benignitate
1715 1585 2021 1641 verisimile

146 1685 223 1734 est
251 1678 538 1733 Dominum
567 1680 751 1734 Jesum
779 1680 934 1734 Petro
964 1679 1324 1751 significasse,
1353 1685 1413 1734 ut
1451 1680 1833 1753 episcopatum
1859 1681 2019 1736 urbis

103 1773 322 1842 ‘Romae
366 1774 469 1828 sibi
516 1781 841 1843 assumeret,
876 1793 938 1829 ac
979 1775 1072 1829 isti
1112 1775 1408 1848 episcopali
1458 1775 1582 1830 Sedi
1622 1776 1912 1848 alligatum
1951 1795 2017 1832 ex

141 1868 321 1923 divina
363 1869 771 1942 dispensatione
811 1870 1115 1943 primatum
1159 1870 1321 1925 sciret
1359 1887 1420 1923 30
1461 1870 1785 1936 declararet3
1835 1871 1909 1926 ita
1953 1879 2014 1927 ut

138 1964 383 2040 Episcopi
423 1966 479 2020 in
507 1967 607 2021 hac
633 1966 759 2022 sede
799 1966 906 2039 ipsi
947 1966 1318 2036 succedenteS,
1350 1966 1408 2019 in
1442 1984 1701 2040 supremo
1733 1968 1899 2023 etiarn
1930 1976 2015 2024 to-

138 2060 248 2116 tius
273 2061 524 2117 Ecclesiae
547 2062 813 2135 regimine
849 2062 1227 2118 succederent.
1260 2062 1317 2116 Id
1347 2062 1572 2134 quidem
1606 2064 1911 2136 probabile.
1949 2065 2014 2122 At

141 2174 267 2211 cum
301 2176 400 2214 nec
425 2158 482 2213 in
509 2159 678 2214 sacris
714 2159 1006 2232 scripturis
1040 2159 1407 2230 legatur5nec
1444 2159 1612 2215 fuerit
1645 2161 1711 2215 ab
1744 2160 2012 2233 Ecclesia,-

141 2260 402 2325 tanquam
423 2255 490 2309 ad
508 2256 818 2310 traditionis
835 2255 1144 2328 depositum
1163 2255 1470 2328 pertinenS,
1492 2256 1806 2325 definitum,
1829 2259 2012 2314 adhuc

141 2349 290 2402 licite
315 2350 458 2404 inter
482 2351 777 2404 catholicos
799 2352 1182 2406 controversiae
1206 2352 1518 2423 subjicitur.

219 2445 272 2497 4⁰
300 2444 433 2498 Hinc
457 2445 751 2516 probabilis
789 2446 954 2500 etiarn
990 2447 1342 2517 aliquatenus
1381 2456 1629 2504 remanet
1664 2451 2007 2522 hypothesis,

142 2538 284 2610 quod
316 2538 559 2593 Christus
597 2538 711 2611 ipse
739 2557 845 2592 non
870 2540 1321 2596 determinaverit
1357 2543 1589 2613 quinam
1619 2544 1793 2598 futuri
1830 2544 2009 2600 forent

141 2632 196 2686 in
230 2633 469 2706 primatu
495 2652 857 2700 successoreS,
887 2635 981 2688 sed
1008 2635 1527 2691 determinationem
1574 2639 1714 2692 banc
1740 2639 1895 2694 Petro
1926 2641 2006 2695 sa-

138 2728 387 2783 ciendam
434 2730 744 2801 reliquerit,
806 2736 857 2783 et
903 2731 1154 2786 statuerit
1200 2731 1487 2788 dumtaxat
1528 2752 1618 2789 eos
1660 2753 2005 2792 successores

135 2823 250 2878 fore
281 2830 330 2878 et
361 2843 388 2878 3
417 2842 472 2878 50
491 2825 635 2880 dicto
662 2825 904 2897 primatu
933 2825 1235 2896 donandos,
1260 2845 1399 2899 quos
1423 2828 1538 2902 ipse
1570 2836 1791 2885 sanctus
1813 2831 2004 2887 Petrus

139 2917 206 2972 ad
244 2918 295 2971 id
333 2919 582 2990 elegisset
608 2938 668 2974 ac
702 2920 1058 2991 designasset.
1089 2922 1144 2975 ln
1173 2923 1271 2977 1130
1296 2930 1478 2979 autem
1515 2918 1822 2998 hypothesi,
1854 2928 1999 2998 quod

138 3010 415 3067 Romanus
458 3016 682 3087 praesul,
731 3016 917 3088 potius
950 3034 1114 3088 quam
1142 3019 1516 3076 Antiochenus
1542 3022 1623 3077 vel
1651 3023 1881 3078 alterius
1908 3023 2000 3077 Se-

142 3102 247 3171 dis,
273 3105 427 3160 Petro
458 3107 519 3161 in·
547 3109 787 3181 primatu
823 3112 1099 3182 succedat,
1146 3113 1455 3188 proveniret
1500 3118 1841 3190 conjunctim
1878 3123 1999 3172 tum

139 3216 200 3253 ex
241 3200 379 3255 sacto
407 3202 648 3258 humano
675 3198 737 3260 30
763 3206 932 3262 libero
963 3209 1122 3282 Petri,
1158 3211 1462 3268 Romanam
1500 3214 1694 3268 Sedem
1746 3213 2000 3285 eligentis

138 3314 199 3350 ac
224 3297 554 3368 designantis
576 3308 635 3355 ut
667 3302 714 3356 ei
739 3302 1010 3375 primatus
1033 3307 1377 3378 alligaretur,
1408 3315 1527 3363 tum
1554 3327 1617 3364 ex
1649 3308 2000 3365 institutione

132 3391 311 3447 divina
351 3395 570 3461 (Thristi,
606 3397 697 3468 qui
729 3401 976 3470 regendae
1012 3401 1339 3458 universalis
1381 3403 1635 3458 Ecclesiae
1670 3410 1995 3477 potestatem

131 3487 407 3560 alligatam
433 3492 689 3546 voluisset
731 3494 775 3547 ei
809 3495 950 3564 Sedi,
976 3514 1138 3568 quam
1166 3498 1234 3551 ad
1263 3498 1316 3552 id
1344 3498 1512 3555 libere
1537 3500 1790 3572 elegisset
1817 3519 1879 3556 ac
1903 3502 1996 3558 de-

134 3584 477 3641 terminasset
501 3587 711 3643 PetruS.
1310 3594 1314 3597 ’
