2320 4010
267 178 356 226 550
945 172 1240 219 TRACTATUS
1271 171 1339 218 DE
1367 173 1516 219 PAPA.

268 286 497 337 autores
525 278 775 336 sentiunt
806 278 1131 335 Pontificem
1163 296 1355 336 errare
1379 296 1565 353 posse,
1597 276 1963 357 intelligenda
1986 296 2107 336 esse
2128 280 2196 337 de

260 379 478 453 judicio
519 377 798 452 personali
839 377 1020 453 ipsius
1050 359 1370 445 Pontificis;
1402 377 1567 434 aliter
1591 382 1782 433 autem
1816 375 1917 432 ubi
1943 376 2195 435 Pontifex

268 478 567 550 Maximus,
600 484 662 534 ut
697 476 902 532 Christi
933 477 1206 545 vicarius,
1239 477 1441 534 sedens
1469 476 1528 531 in
1563 475 1702 532 solio
1734 465 1862 532 suae'
1886 475 2196 548 majestatis

268 577 557 649 negotium
583 576 714 632 fidei
734 577 1021 645 definiret3
1047 577 1180 650 quia
1207 594 1269 633 eo
1294 595 1450 647 casn,
1474 594 1604 632 cum
1628 575 1677 632 ei
1694 574 1937 650 Spiritus
1960 574 2196 633 Sanctus

267 676 518 747 assistat,
543 683 605 733 ut
633 677 804 751 paulo
830 683 960 733 ante
977 676 1370 752 probavimus,
1391 675 1735 732 credendum
1760 681 1843 732 est
1861 692 1990 730 eum
2011 692 2198 732 errare

264 793 376 830 non
404 793 569 850 posse
598 797 625 827 »
662 774 1002 852 (Cardinalis
1045 775 1268 842 Albani,
1310 777 1374 831 de
1405 775 1674 831 Potestate
1710 775 1893 847 Papae,
1934 781 2094 848 parte
2129 774 2193 843 ll,

263 893 323 930 n.
356 876 489 944 171,
518 874 658 930 tomi
679 874 855 945 citati,
885 874 1019 930 folio
1048 875 1116 930 78
1142 874 1349 946 verso).

341 990 585 1044 Doc'rnm
634 989 934 1044 FACULrA‘ns
975 989 1324 1057 LOVANIENSJS,
1370 1007 1503 1044 ΛΝΝΟ
1545 989 1712 1044 1544.
1742 1023 1811 1030 —
1838 987 2198 1044 Lovaniensis

263 1088 544 1158 FacultaS,
577 1107 724 1143 anno
756 1089 930 1158 1544,
963 1088 1129 1162 jussu
1162 1087 1338 1143 Caroli
1379 1088 1419 1143 V
1446 1087 1807 1161 Imperatoris
1838 1087 1979 1144 duos
2014 1093 2066 1143 et
2094 1086 2195 1142 tri-

264 1188 419 1260 ginta
472 1187 739 1242 articulos
783 1187 957 1242 edidit
1003 1188 1273 1242 adversus
1314 1186 1542 1242 Lutheri
1589 1205 1830 1243 errores.
1875 1187 1963 1243 Sic
2002 1194 2191 1243 autem
2314 1200 2320 1262 j

264 1285 507 1340 habetur
538 1283 778 1339 articulo
809 1282 880 1338 22
913 1305 923 1336 :

273 1472 279 1475 ι
345 1420 371 1451 «
394 1398 579 1453 Firma
604 1398 713 1454 fide
736 1397 1047 1454 tenendum
1069 1401 1176 1467 est,
1201 1415 1372 1452 unam
1394 1414 1515 1453 esse
1537 1395 1595 1451 in
1620 1396 1784 1453 terris
1810 1400 1996 1453 veram
2024 1403 2194 1471 atque

262 1496 603 1551 catholicam
625 1495 832 1552 Christi
855 1494 1186 1566 Ecclesiam,
1208 1512 1448 1568 eamque
1469 1493 1773 1567 visibilem,
1802 1513 1922 1568 quae
1942 1495 2008 1551 ab
2026 1495 2191 1569 Apos-

262 1595 391 1651 tolis
424 1596 654 1652 fundata
684 1595 743 1650 in
782 1597 925 1651 hanc
964 1612 1148 1668 usque
1175 1598 1427 1651 nostram
1468 1599 1686 1650 aetatem
1716 1594 2033 1670 perdurans
2057 1596 2190 1651 reti-

262 1700 353 1751 net
382 1701 432 1751 et
456 1695 695 1771 suscipit
724 1696 1001 1770 quidquid
1032 1698 1099 1753 de
1134 1698 1241 1754 fide
1268 1705 1319 1754 et
1351 1698 1625 1770 religione
1652 1695 1909 1767 tradidit,
1943 1697 2115 1754 tradit
2140 1704 2193 1754 et

264 1795 545 1851 traditura
575 1803 658 1852 est
682 1796 946 1852 cathedra
978 1797 1146 1868 Petri,
1178 1816 1346 1872 supra
1375 1815 1545 1870 quam
1584 1796 1659 1853 ita
1690 1816 1718 1852 a
1749 1795 1966 1852 Christo
1990 1813 2194 1870 sponso

263 1910 366 1947 suo
397 1902 473 1950 est
509 1894 803 1964 trditicata,
835 1901 897 1950 ut
925 1896 983 1950 in
1016 1897 1104 1952 his
1134 1915 1260 1969 qua}
1287 1896 1415 1951 fidei
1444 1901 1575 1952 sunt
1601 1901 1654 1952 et
1682 1894 1970 1969 religionis
2004 1911 2193 1950 errare

177 2025 183 2031 -
261 2007 372 2045 non
399 1992 595 2064 possit.
627 2014 654 2044 »

338 2103 589 2160 Articulo
621 2111 808 2161 autem
850 2107 920 2162 25
963 2107 1043 2162 sic
1071 2108 1316 2163 occurrit
1350 2131 1360 2162 :

343 2222 561 2276 «Certa
602 2222 709 2278 tide
750 2223 992 2278 tenenda
1026 2230 1182 2292 sunt,
1222 2242 1335 2279 non
1379 2224 1561 2280 solum
1607 2241 1732 2295 quae
1778 2221 2078 2296 scripturis
2103 2240 2195 2278 ex-

261 2337 454 2394 presse
485 2327 615 2376 sunt
643 2321 886 2395 prodita,
928 2322 1023 2378 sed
1052 2321 1221 2378 ctiam
1248 2341 1373 2395 quae
1415 2341 1513 2396 per
1544 2320 1902 2378 traditionem
1931 2321 2196 2377 Ecclesiae

262 2418 553 2474 catholica}
596 2419 874 2476 credenda
917 2420 1262 2495 accepimus,
1308 2427 1360 2477 et
1404 2439 1528 2493 quae
1575 2419 1801 2476 definita
1847 2425 1977 2475 sunt
2018 2437 2192 2493 super

258 2516 387 2573 fidei
418 2525 465 2574 et
498 2538 721 2574 morum
760 2520 1024 2593 negotiis,
1052 2539 1152 2594 per
1176 2520 1499 2577 cathedram
1520 2519 1688 2590 Petri,
1717 2519 1801 2575 vel
1829 2537 1929 2594 per
1952 2519 2188 2576 concilia

256 2619 537 2690 generalia
572 2620 823 2693 legitime
854 2628 1207 2695 congregata.
1235 2644 1262 2675 »

333 2733 507 2790 Hosce
534 2735 804 2792 articulos
838 2743 1141 2810 postquam
1181 2736 1371 2793 citavit
1407 2735 1662 2793 Zaccaria
1700 2735 1779 2810 (in
1818 2733 2191 2807 Antisebrom'o

252 2831 536 2902 vindicato,
575 2833 796 2891 dissert.
832 2836 894 2904 V,
925 2837 1107 2910 capite
1138 2856 1188 2899 ιι,
1225 2855 1283 2892 n.
1319 2836 1375 2909 5)
1417 2834 1493 2890 ita
1529 2834 1790 2890 adnotat:
1827 2854 1854 2883 «
1879 2830 2189 2910 Launoius,

256 2929 315 2984 in
343 2930 580 3004 epistola
617 2932 683 2987 ad
721 2933 994 2990 ,Ioannem
1033 2935 1499 3002 Franchevillam,
1534 2932 1933 2988 Lovaniensem
1968 2929 2188 2985 theolo-

254 3047 411 3101 gum,
442 3030 557 3085 haec
590 3030 946 3088 Lovaniensis
973 3033 1257 3090 facultatis
1283 3034 1452 3090 verba
1479 3032 1644 3106 plane
1668 3030 1940 3104 corrupit.
1964 3029 2184 3094 Etenim

255 3128 548 3204 particulae
580 3132 659 3187 vel
693 3131 988 3195 substituit
1032 3139 1209 3205 atque,
1244 3138 1307 3188 ut
1342 3130 1721 3187 celeberrimae
1753 3127 2008 3185 facultati
2050 3145 2187 3183 con-

254 3228 494 3284 trariam
545 3229 710 3303 plane
750 3231 1087 3287 sententiam
1130 3231 1443 3305 affingeret,
1477 3228 1565 3285 his
1610 3228 1797 3285 verbis
1829 3249 1839 3280 z
1875 3227 1996 3284 Haec
2035 3225 2180 3282 Petri

256 3316 510 3384 cathedra
536 3331 768 3402 [fenerati
802 3332 1099 3405 copulanda
1129 3339 1207 3387 est
1246 3331 1482 3387 concilio.
1524 3329 1564 3385 Ο
1598 3329 1764 3385 fidem
1801 3325 2180 3383 Febroniano-

254 3442 386 3479 rum
416 3424 683 3482 heroum!
717 3449 742 3479 »
765 3426 1122 3485 Constantem
1144 3446 1268 3484 eam
1296 3427 1472 3485 fuisse
1500 3425 1802 3483 Facultatis
1822 3420 2182 3480 Lovaniensis-

254 3522 593 3597 doctrinam,
623 3525 750 3583 vide
778 3526 926 3583 infra
957 3529 1138 3602 capite
1155 3547 1244 3584 ΧΠ.

327 3637 574 3695 Domum
604 3642 751 3698 C12En1
783 3641 1067 3714 GALLICAM,
1102 3661 1233 3698 Amo
1270 3642 1439 3699 1579.
1471 3676 1547 3683 —
1575 3639 1719 3697 Cleri
1749 3634 2014 3695 Gallicani
2041 3647 2177 3686 con·
