2320 4010
842 235 971 282 PARS
1002 235 1245 282 SECUNDA.
1903 232 1997 285 549

185 344 241 400 6⁰
283 344 819 415 Recapitulati0.—«
847 343 911 399 Ut
953 360 1322 415 quaecumque
1367 343 1639 399 hactenus
1679 339 1828 397 dicta
1867 346 2000 395 sunt

114 441 171 495 in
198 441 360 496 breve
380 440 773 515 compendium
792 439 1129 512 redigamuS,
1159 439 1300 495 illud
1331 440 1388 494 in
1415 455 1631 495 summa
1657 437 1997 510 colligimuS,

112 538 327 594 nullam
361 556 590 612 prorsus
627 556 748 594 esse
779 536 998 593 concilii
1031 542 1358 611 potestatem
1394 535 1450 591 in
1490 553 1617 592 eum
1653 535 1750 608 qui
1779 534 1907 608 jure
1933 535 2003 590 sit

113 633 379 689 Pontifex.
415 634 478 688 Et
507 633 758 707 quamvis
794 631 900 688 tria
931 632 1044 688 sint
1085 632 1144 687 in
1188 632 1392 705 quibus
1416 631 1597 706 prima
1625 632 1806 687 fronte
1848 630 2002 686 aliud

112 728 283 784 videri
322 730 517 803 possit,
545 730 791 804 primum
824 729 920 784 ubi
958 729 1147 803 plures
1189 730 1255 784 de
1287 728 1589 784 Pontificali
1634 728 1999 799 contendunt,

112 822 352 878 alterum
381 824 479 878 ubi
502 822 778 880 Pontificis
801 822 994 878 electio
1017 828 1099 878 est
1122 821 1302 889 irrita,
1323 821 1551 876 tertium
1572 821 1668 876 ubi
1696 822 1862 878 suerit
1893 823 2003 877 hae-

113 919 319 975 reticus
343 921 608 988 Pontifex,
638 920 837 974 horum
864 926 1047 974 tamen
1072 917 1213 972 nihil
1237 917 1584 973 conclusioni
1605 925 1811 973 nostrae
1832 919 2006 972 obsis-

112 1014 200 1068 tit.
227 1014 363 1068 Nam
396 1019 448 1069 et
480 1014 535 1093 in
566 1031 631 1068 eo
664 1013 811 1085 quod
835 1013 1016 1086 primo
1047 1012 1311 1081 diximus,
1344 1012 1441 1066 uhi
1481 1029 1591 1066 non
1616 1017 1845 1085 apparet.
1874 1013 2001 1083 quis

111 1109 182 1165 sit
210 1109 478 1181 Pontifex,
515 1109 742 1182 perinde
769 1114 849 1166 cst
874 1127 936 1165 ac
967 1108 1013 1164 si
1036 1127 1148 1164 non
1173 1114 1339 1179 esset,
1368 1126 1497 1164 nam
1531 1126 1641 1163 non
1665 1125 1784 1163 esse
1808 1115 1858 1164 et
1891 1126 2003 1163 non

108 1222 373 1278 apparere
415 1205 568 1278 paria
616 1222 736 1261 esse
775 1205 1123 1278 judicantur.
1164 1204 1317 1268 Quod
1365 1212 1551 1260 autem
1592 1204 1838 1260 secundo
1883 1205 2003 1260 loco

113 1308 413 1357 tractatum
432 1309 535 1372 est,
564 1302 659 1374 qui
687 1303 928 1374 legitime
959 1321 1067 1358 non
1092 1309 1172 1358 est
1200 1303 1434 1369 electUS,
1471 1302 1518 1357 is
1552 1320 1732 1373 neque
1758 1302 2005 1356 Pontifex

117 1397 383 1470 appellari
411 1403 679 1466 meretur,
709 1415 811 1452 nec
836 1397 1119 1452 Pontificia
1147 1397 1416 1452 subnixus
1448 1404 1530 1452 est
1563 1396 1915 1452 auctoritate.
1954 1397 2003 1451 Is

118 1492 359 1564 denique
385 1494 479 1566 qui
523 1494 578 1548 in
623 1494 878 1548 lueresim
915 1494 1106 1566 lapsus
1141 1494 1547 1549 contumaciter
1582 1493 1638 1548 in
1679 1511 1847 1567 prava
1890 1494 2005 1568 opi-

119 1589 283 1644 nione
310 1597 642 1663 perseverat,
670 1608 737 1646 ne
758 1590 901 1645 inter
929 1590 1217 1646 Pontifices
1245 1590 1468 1663 quidem
1509 1597 1914 1645 numeratur...
1946 1591 2005 1646 In

119 1686 350 1758 reliquis
382 1695 566 1743 autem
595 1689 818 1762 Papam,
849 1707 1167 1761 quanquam
1189 1689 1642 1744 manifestissime
1659 1695 2002 1762 peccantemt

119 1801 301 1857 neque
332 1787 399 1841 ab
447 1786 562 1841 ullo
586 1788 907 1842 mortalium
944 1788 1185 1860 judicari
1234 1806 1414 1862 posse,
1445 1806 1628 1860 neque
1676 1794 2006 1861 potestatem

121 1898 281 1935 suam
314 1882 540 1937 Concilii
573 1901 819 1939 censurae
849 1885 973 1956 jule
1004 1903 1166 1958 posse
1196 1885 1524 1940 submittere
1555 1885 1773 1940 abunde
1809 1885 2010 1958 proba—

121 1983 241 2031 tum
265 1985 345 2034 est
376 2001 401 2030 »
432 1981 672 2052 (partel,
698 2000 755 2036 n.
782 1981 936 2051 212).

196 2076 248 2129 7⁰
286 2076 367 2131 Ad
384 2076 584 2149 Papam
602 2080 831 2150 pertinet
850 2079 1114 2150 plenitudo
1148 2080 1423 2151 potestatis
1450 2077 1835 2132 ecclesiasticae.
1861 2077 2007 2132 —Id

117 2173 310 2245 probat
337 2173 642 2228 Cardinalis
661 2175 933 2244 Albanus,
962 2193 1062 2248 pai
1068 2182 1120 2230 te
1148 2176 1212 2244 ΙΙ,
1248 2194 1338 2229 an
1367 2177 1421 2243 l,
1449 2193 1628 2245 usquc
1653 2174 1720 2228 ad
1744 2175 1836 2230 ⁶26.

196 2266 249 2318 8⁰
291 2267 369 2320 Ad
391 2267 590 2338 Papam
610 2270 837 2338 pertinet
862 2287 1044 2322 causas
1067 2270 1189 2339 {idei
1213 2270 1472 2335 decidere,
1495 2272 1570 2322 ita
1593 2278 1645 2323 ut
1665 2271 1850 2340 absque
1880 2269 2009 2324 Pon-

125 2360 274 2428 tificis
297 2362 604 2414 auctoritate
624 2379 653 2414 a
678 2365 879 2415 nemine
905 2364 1007 2416 alio
1035 2363 1204 2416 decidi
1224 2363 1453 2416 valeant.
1480 2395 1554 2401 -—-
1581 2362 1637 2416 ld
1662 2364 1857 2435 probat
1887 2365 2007 2419 susc

123 2461 279 2526 parte
302 2455 364 2525 ΙΙ,
392 2474 448 2509 n.
476 2457 545 2511 26
581 2462 633 2511 et
661 2475 776 2528 seq.
813 2457 902 2511 Sic
929 2459 1164 2513 habetur
1191 2477 1246 2512 n.
1279 2459 1345 2511 47
1380 2481 1389 2511 :

201 2573 227 2601 «
253 2550 434 2613 Quare
466 2571 664 2607 rursus
695 2553 933 2608 dicimus
960 2555 1321 2625 qmestionem
1355 2554 1480 2608 fidoi
1508 2573 1536 2608 a
1572 2555 1712 2628 Papa
1735 2556 1861 2628 jure
1887 2574 2011 2630 pro-

122 2646 243 2719 prio
270 2666 428 2720 posse
450 2648 627 2703 decidi
649 2672 658 2713 ;
683 2655 734 2704 et
758 2650 880 2705 sine
900 2650 1079 2723 ipsius
1105 2650 1434 2706 auctoritate
1458 2669 1486 2706 a
1506 2650 1729 2705 nemine
1749 2659 2014 2724 praterea

122 2742 267 2812 quod
300 2743 424 2815 plus
455 2749 559 2799 est.
590 2744 722 2798 Nam
753 2751 845 2800 aut
868 2746 1168 2801 asserimus
1196 2753 1525 2819 potestatem
1561 2749 1702 2801 hanc
1726 2746 2014 2803 Pontificia

121 2838 386 2910 majorem
415 2858 555 2906 esse,
598 2848 694 2897 aut
732 2860 943 2916 parem,
983 2849 1076 2898 aut
1114 2843 1455 2898 inferiorem.
1485 2843 1537 2897 Si
1579 2844 1845 2916 majorem
1880 2844 2016 2898 dici-

122 2953 271 3000 muS,
306 2936 405 2990 hoc
439 2946 596 3010 pacto
643 2947 971 3013 sequeretur
1006 2941 1230 3014 Papam,
1276 2936 1565 2998 deficiente
1597 2943 2011 3015 jurisdictione,

122 3030 420 3086 constituto
464 3035 721 3103 conciliO,
762 3037 1019 3093 desinere
1073 3058 1193 3094 esse
1236 3046 1395 3112 caput
1446 3040 1723 3106 Ecclesize,
1761 3039 1815 3092 id
1863 3039 2012 3109 quod

121 3132 264 3180 esset
288 3127 616 3197 absurdum,
647 3139 698 3187 et
726 3134 792 3187 ab
819 3135 967 3189 omni
992 3137 1208 3191 ratione
1232 3137 1561 3199 abhorrens3
1596 3135 1859 3206 quoniam
1890 3135 2009 3191 sine

124 3221 309 3293 aliqua
339 3240 622 3279 sacrarum
645 3226 974 3284 Litterarum
1006 3232 1335 3285 auctoritate
1355 3249 1623 3299 asserere,
1660 3232 1860 3305 Papam
1887 3239 2005 3287 tum

123 3315 349 3372 demum
381 3337 478 3373 sua
509 3321 895 3393 jurisdictione
926 3344 1112 3381 carere
1136 3345 1262 3381 cum
1290 3327 1590 3382 concilium
1613 3337 2003 3402 congregatur,

124 3418 207 3466 est
232 3413 313 3467 vel
336 3414 493 3470 facile
515 3418 1054 3474 contemnendum...
1081 3443 1107 3472 »

200 3507 255 3560 9⁰
297 3509 440 3582 Papa
472 3510 700 3583 Ιοᾳηιηιε,
736 3532 839 3569 non
866 3524 916 3569 ut
945 3534 1170 3589 persona
1198 3520 1427 3590 priuata,
1458 3521 1551 3575 sed
1580 3530 1828 3593 tanquam
1854 3522 2006 3578 Sum-

123 3620 239 3658 mus
270 3605 541 3678 Pontifex,
570 3626 750 3665 errare
776 3613 968 3685 nequit.
993 3646 1059 3654 —
1086 3615 1348 3672 «Rursus
1381 3617 1524 3687 dico,
1559 3618 1675 3674 loca
1714 3619 1768 3674 in
1801 3620 2004 3693 quibus
