2320 4010
337 173 426 220 608
1013 165 1314 212 TRACTATUS
1343 165 1411 211 DE
1442 165 1586 211 PAPA.

339 277 543 333 nullam
568 275 800 331 omnino
826 273 1200 330 intervenisse
1241 272 1429 346 quoad
1473 289 1569 328 sex
1597 271 1736 328 istos
1773 271 2042 330 articulos
2066 274 2282 333 Facu1--

342 375 475 431 tatis
518 373 968 441 deliberationem,
1020 373 1451 447 approbationem
1493 371 1718 428 nnllam.
1777 371 2010 446 Insuper
2050 391 2261 447 nequa-

342 493 515 548 quam
541 472 780 530 traditos
809 473 948 530 istos
977 472 1248 529 articulos
1273 491 1339 528 ex
1360 471 1616 527 mandato
1644 470 1970 528 FacultatiS.
1991 472 2261 545 Equidem

343 573 518 629 lectos
564 572 790 629 eosdem
834 570 1107 628 articulos
1153 588 1341 626 coram
1378 569 1685 640 Facultate,
1723 574 1778 625 et
1812 569 2102 626 neminem
2128 575 2264 629 tunc

345 670 779 738 contradixisse;
829 675 882 726 at
922 668 1212 725 silentium
1253 668 1408 725 istud
1449 686 1562 724 non
1588 667 1765 724 fuisse
1805 667 2262 743 approbationem

349 770 419 844 (si
446 788 518 826 on
556 787 625 825 ne
654 787 713 826 se
746 769 984 843 plaignit
1011 768 1171 843 point
1196 767 1344 824 alors
1371 767 1441 823 de
1472 785 1562 823 ces
1595 766 1882 837 docteurS,
1912 785 1973 823 ce
1997 767 2142 824 n'est
2167 787 2264 842 pas

347 888 457 942 que
473 870 586 927 l'on
607 873 915 945 approuvat
932 869 1058 925 leur
1074 868 1388 941 conduite),
1405 867 1503 923 sed
1521 885 1747 924 causam
1766 866 2032 923 habuisse
2051 872 2265 924 metum

351 970 540 1042 (parce
567 968 738 1039 qu'on
786 984 857 1022 ne
884 971 1007 1021 crut
1035 983 1132 1039 pas
1156 964 1348 1020 devoir
1373 964 1706 1019 renouveler
1739 981 1809 1018 en
1838 982 1974 1020 cour
2004 963 2271 1037 l'aigreur

347 1083 456 1139 que
480 1065 594 1121 l'on
622 1084 655 1142 y
688 1064 834 1120 avait
854 1081 1065 1133 conque
1099 1069 1295 1119 contre
1325 1062 1379 1117 13
1405 1061 1677 1133 Faculte).
1702 1060 1983 1116 Nimirum
2015 1061 2271 1136 apprime

349 1163 558 1219 sciebat
577 1162 975 1234 unusquisque
998 1161 1212 1229 doctor,
1234 1162 1401 1214 hosce
1422 1158 1691 1214 articulos
1709 1177 2001 1232 nunquam
2021 1159 2274 1233 legitime

349 1258 555 1314 adduci
575 1275 741 1331 posse
759 1263 1030 1328 tanquam
1055 1275 1084 1311 3
1100 1255 1391 1310 Facultate
1412 1255 1769 1328 approbatOS,
1783 1273 1913 1310 cum
1933 1255 2186 1312 Facultas
2206 1256 2274 1312 de

351 1354 490 1429 ipsis
522 1372 637 1409 non
666 1352 1054 1422 deliberasset,
1086 1369 1191 1407 nec
1216 1351 1615 1424 unusquisque
1646 1351 1987 1407 sententiam
2016 1351 2270 1408 dixisset.

350 1453 416 1507 Et
449 1452 572 1508 ideo
608 1452 735 1507 licet
769 1451 1024 1526 plerique
1060 1452 1226 1506 hosce
1270 1450 1540 1506 articulos
1577 1450 1966 1524 reprobarent,
2002 1455 2272 1525 putarunt

352 1558 543 1607 tamen
578 1568 637 1606 se
666 1567 829 1624 posse
862 1548 1049 1621 silere,
1098 1548 1235 1603 dum
1279 1546 1603 1620 legerentur
1632 1565 1822 1602 coram
1853 1546 2159 1618 Facultate,
2206 1547 2272 1604 ad

353 1650 604 1716 vitanda,
654 1649 701 1705 si
745 1666 907 1705 secus
949 1654 1201 1721 agerent,
1258 1647 1512 1720 graviora
1557 1647 1919 1704 detrimenta.
1967 1647 2084 1702 Non
2124 1647 2273 1703 enim

355 1751 499 1806 valet
536 1749 822 1823 adagium,
858 1751 943 1821 qni
983 1749 1101 1803 silet
1137 1749 1426 1803 consentire
1457 1747 1685 1819 videtur,
1729 1747 1954 1820 quando
1984 1746 2185 1803 siletur
2208 1748 2298 1804 ob'

356 1857 595 1907 metum.
627 1849 734 1905 Nec
766 1849 962 1903 inanes
1000 1865 1134 1903 sane
1176 1853 1273 1902 aut
1301 1847 1448 1902 lcves
1493 1846 1573 1901 sic
1600 1846 1890 1903 metuendi
1919 1865 2118 1903 causae.
2155 1847 2277 1903 Plu-

357 1950 470 2004 ries
516 1950 634 2021 jam
677 1949 1045 2022 prohibuerat
1077 1946 1527 2014 Parlamentum,
1591 1964 1662 2001 ne
1699 1945 1829 2019 quis
1857 1945 2276 2002 infallibilitatis

356 2047 660 2102 Pontificiae
687 2046 911 2118 dogma,
966 2051 1062 2100 aut
1090 2046 1249 2118 Papae
1301 2063 1475 2119 supra
1502 2045 1806 2100 concilium
1864 2046 2275 2114 auctoritatem,

360 2150 457 2199 aut
497 2144 708 2216 plenam
735 2141 996 2215 regendae
1028 2141 1289 2197 Ecclesiae
1316 2147 1654 2215 potestatem
1687 2141 1943 2197 edoceret
1981 2160 2044 2197 ac
2077 2161 2279 2217 propu-

360 2248 585 2315 gnaret3
645 2241 816 2313 idque
858 2259 982 2296 sous
1028 2243 1188 2313 peine
1237 2242 1404 2295 d'etre
1439 2241 1674 2312 proee'cle'
1712 2242 2279 2298 extraorclinairement

359 2348 540 2397 contre
568 2359 690 2395 eux.
729 2339 892 2411 Quid,
948 2358 1158 2413 quaese,
1193 2339 1263 2394 iis
1307 2338 1740 2414 expectandum,
1780 2339 1963 2412 quiin
2007 2339 2076 2395 iis
2111 2340 2278 2396 comi-

360 2439 454 2495 tiis
485 2444 678 2495 contra
717 2437 1035 2512 propositos
1064 2437 1333 2493 articulos
1363 2454 1482 2508 sex,
1512 2456 1541 2492 a
1574 2436 1837 2493 ministro
1865 2437 1932 2492 Le
1960 2436 2158 2494 Tellier
2186 2458 2279 2514 ap-

363 2539 629 2614 probatos
657 2543 709 2594 et
733 2539 1065 2612 postulatOS,
1093 2537 1554 2613 protestationem
1579 2538 1840 2595 emittere
1864 2538 1987 2594 ausi
2016 2538 2280 2595 fuissent?

361 2637 559 2694 Procul
608 2637 781 2694 dubio
834 2637 1116 2711 ejusmodi
1159 2638 1595 2712 protestationes
1638 2637 1899 2694 ministro
1942 2637 2279 2694 denuntiatae

364 2737 601 2793 fuissent
652 2743 923 2810 tanquam
975 2737 1283 2792 se'ditieases
1346 2742 1398 2792 ct
1450 2737 1786 2795 eriminelleS.
1835 2737 1995 2793 Nulla
2046 2737 2274 2808 scilicet,

365 2852 596 2908 prorsus
639 2835 797 2890 nulla
841 2841 1191 2891 remanserat
1238 2835 1474 2910 impunc
1517 2834 1883 2891 dissentiendi
1925 2835 2177 2892 libertas
2222 2833 2276 2890 Id

366 2931 530 3006 plene
551 2932 669 3005 jam
699 2938 926 3005 experta
954 2939 1074 2988 erat
1112 2933 1350 2989 facultas
1392 2932 1575 3006 quoad
1622 2932 1831 2988 decreti
1869 2952 1899 2988 a
1930 2933 2279 2989 Parlamento

366 3030 504 3086 cditi
539 3030 929 3086 insertionem,

443 3128 498 3183 2⁰
523 3128 644 3184 Jam
684 3146 855 3203 supra
898 3127 1196 3184 citavimus
1222 3130 1391 3186 verba
1438 3131 1553 3185 haec
1594 3129 1773 3185 Patris
1814 3130 1992 3204 Rapin
2025 3151 2034 3183 :
2091 3129 2164 3186 On
2209 3129 2279 3184 dit

366 3230 615 3300 toutefois
638 3246 737 3300 que
763 3246 819 3283 ee
838 3229 1020 3283 n’e'tait
1041 3247 1143 3301 pas
1170 3247 1271 3284 nne
1298 3229 1610 3302 de'patation
1634 3230 1769 3285 dans
1807 3229 1880 3284 les
1907 3231 2126 3303 formeS,
2153 3226 2284 3282 mais

366 3346 437 3383 un
465 3328 679 3383 nombre
719 3328 785 3382 de
826 3329 1076 3384 (Ioetenrs
1118 3328 1209 3383 cles
1246 3328 1371 3401 plus
1409 3329 1547 3384 ze'le's
1586 3347 1719 3403 pour
1762 3329 2036 3384 I’honneur
2077 3328 2140 3382 de
2174 3326 2280 3381 leur

371 3443 547 3498 corpe.
579 3424 639 3480 Id
666 3425 777 3480 dici
804 3430 857 3480 et
885 3425 955 3481 ad
981 3443 1146 3482 aures
1163 3425 1342 3482 Patris
1368 3425 1546 3501 Rapin
1573 3426 1778 3482 deferri
1801 3445 1914 3482 non
1940 3423 2279 3496 contigisset,

369 3523 417 3578 si
445 3523 705 3579 Facultas
739 3529 863 3597 post
906 3523 1130 3580 solitam
1160 3523 1624 3581 deliberationem
1663 3543 1756 3581 sex
1789 3522 2054 3580 articulos
2085 3535 2278 3594 appro-

371 3620 582 3694 basset,
626 3630 679 3680 et
724 3625 1063 3697 regulariter
1105 3625 1362 3683 doctores
1410 3626 1734 3700 deputasset
1778 3623 1875 3696 qui
1918 3618 2284 3678 doctrinalem
