2372 4108
911 283 1040 330 PARS
1069 283 1236 330 PRIMA.
1961 280 2020 327 89

143 399 351 450 rentur.
391 391 590 465 Sieque
612 390 962 466 apertissime
994 389 1300 464 primatum
1332 387 1739 464 jurisdictionis
1770 387 1821 444 ei
1850 387 2024 445 vindi-

142 490 632 546 cabant.Caeterum
649 487 938 563 dispositio
950 486 1111 559 eujus
1125 485 1201 541 ibi
1215 486 1695 543 confirmationem
1711 486 2017 561 postulant,

142 606 251 660 qua
297 587 546 644 videlicet
589 582 1206 657 Constantinopolitanae
1243 583 1360 639 sedi
1399 584 1680 640 secundus
1705 584 1884 654 100115,
1922 600 2021 639 5011

145 687 358 760 primus
399 692 519 760 post
560 686 886 753 Romanam,
927 681 1303 751 tribuebatur,
1355 700 1383 737 a
1418 683 1594 738 Leone
1636 683 1779 757 Papa
1818 683 2023 756 rejecta

145 784 248 839 suit
281 789 332 839 et
381 782 540 837 irrita
583 779 872 836 remansit.
912 772 985 833 Ek
1016 796 1125 850 quo
1165 778 1371 834 iterum
1418 779 1594 850 liquet
1635 779 1925 852 persuasio
1956 779 2025 836 de

144 880 383 955 primatu
404 877 810 952 jurisdictionis
834 875 1066 932 Romani
1093 875 1391 931 Pontificis.

218 977 475 1034 Eamdem
518 976 937 1051 persuasionem
976 975 1159 1049 palam
1203 974 1334 1030 facit
1375 974 1665 1030 exordium
1690 974 1903 1048 synodi.
1939 974 2027 1030 Sic

142 1076 290 1132 enim
319 1076 554 1131 habetur
583 1075 640 1129 in
669 1074 859 1147 gestis,
890 1074 993 1129 sub
1036 1073 1262 1129 initium
1295 1073 1531 1129 actionis
1569 1072 1764 1146 primae
1795 1094 1804 1126 :
1850 1095 1876 1125 «
1898 1074 2025 1128 Pas-

143 1173 405 1228 chasinus
445 1171 943 1228 reverendissimus
979 1170 1284 1245 Episcopus
1323 1177 1375 1226 et
1404 1169 1649 1225 vicarius
1675 1169 1830 1226 Sedis
1856 1171 2026 1244 Apos-

145 1272 337 1340 tolicae,
371 1290 499 1326 cum
527 1271 582 1326 in
623 1271 804 1326 medio
840 1289 951 1325 una
982 1289 1111 1325 cum
1152 1270 1238 1325 his
1275 1269 1408 1325 viris
1457 1269 1534 1342 (id
1563 1276 1646 1325 est
1676 1269 1801 1324 aliis
1834 1269 2027 1342 legatis

146 1370 314 1443 Papae)
358 1369 835 1425 reverendissimis
881 1369 1106 1440 collegis
1150 1368 1268 1423 suis
1304 1367 1570 1436 stetisset,
1615 1367 1792 1422 dixit:
1829 1367 2030 1422 Beatis-

148 1468 273 1522 simi
334 1476 499 1539 atque
549 1467 835 1539 apostolici
890 1466 1143 1540 Episcopi
1198 1466 1354 1520 urbis
1400 1465 1583 1520 Romae
1614 1468 1699 1536 qui
1748 1472 1826 1519 est
1877 1474 2031 1536 caput

150 1567 374 1619 omnium
390 1564 735 1619 Ecclesiarum
751 1569 1021 1633 (ἐπισκόπου
1047 1587 1132 1631 της
1156 1562 1396 1633 Ῥωμαιων
1422 1570 1632 1630 πόλεως,
1654 1568 1867 1634 κεφαλῆς
1888 1566 2028 1634 ὑπαρ-

147 1687 312 1735 χοντος
345 1674 503 1718 πασῶν
539 1674 628 1718 τῶν
658 1662 946 1733 ἐκκλησιῶν)
985 1670 1250 1734 praecepta
1290 1662 1560 1716 habemus
1599 1678 1711 1734 prae
1743 1659 2026 1729 manibuS,

148 1759 350 1830 quibus
377 1760 674 1832 praecipere
699 1758 958 1830 dignatus
984 1765 1066 1814 est
1088 1759 1208 1830 ejus
1243 1759 1607 1832 apostolatuS,
1643 1763 1703 1812 ut
1732 1758 2024 1812 Dioscorus

148 1874 254 1910 11011
294 1856 477 1911 sedeat
514 1856 570 1910 in
603 1854 855 1910 concilio.
908 1853 1002 1909 Sin
1046 1859 1231 1909 autem
1279 1856 1381 1908 hoc
1422 1854 1601 1909 facere
1646 1853 2021 1926 aggrediatur,

145 1952 416 2026 ejiciatur.
446 1953 553 2008 Hoc
584 1971 684 2008 nos
715 1954 1008 2008 observare
1030 1970 1253 2008 11000550
1272 1958 1354 2007 est
1382 1974 1408 2003 »
1468 1951 1615 2021 (Vide
1648 1951 1795 2024 apud
1823 1950 2022 2020 Labbe,

146 2050 516 2105 Conciliorum
559 2056 708 2105 tomo
734 2050 814 2122 IV,
842 2050 968 2104 col.
1011 2051 1103 2119 94,
1150 2050 1282 2104 edit.
1332 2048 1590 2117 Parisiis,
1637 2048 1829 2111 1671).
1886 2047 2026 2111 Quid

147 2165 330 2219 quaeso
357 2147 508 2203 aliud
536 2147 797 2203 denotant
825 2148 990 2203 verba
1022 2149 1159 2217 llaec,
1190 2153 1402 2220 κεφαλῆς
1431 2154 1721 2220 ὑπαρχοντος
1751 2156 1910 2201 πασῶν
1937 2156 2028 2201 τῶν

150 2252 426 2316 ἐκκλησιῶν,
454 2266 620 2319 quam
650 2247 952 2321 primatum
987 2246 1429 2319 jurisdictionis?
1459 2246 1722 2302 Praeterea
1762 2245 1869 2300 nisi
1912 2263 2029 2318 per-

146 2361 374 2398 suasum
403 2345 662 2399 omnibus
689 2344 884 2400 fuisset
919 2345 1165 2399 Romano
1195 2344 1460 2418 Episcopo
1493 2350 1806 2417 competere
1837 2360 2028 2416 supre-

148 2457 294 2492 mam
334 2439 618 2510 regiminis
664 2441 1071 2509 auctoritatem,
1118 2459 1187 2495 an
1233 2459 1404 2496 ausus
1455 2448 1598 2497 esset
1650 2441 1768 2512 ejus
1809 2440 2061 2511 legatus·

150 2533 337 2588 statim
393 2536 459 2588 ab
507 2535 626 2608 ipso
673 2536 866 2609 synodi
923 2538 1149 2591 exordio
1197 2538 1448 2610 ejusdem
1496 2537 1730 2592 Romani
1774 2535 2026 2608 Episcopi

143 2642 400 2705 praecepta
427 2634 503 2688 sic
531 2634 812 2703 intimare,
846 2653 908 2689 ac
937 2638 1173 2706 urgere?

221 2729 298 2782 Ad
346 2747 459 2784 rem
511 2731 716 2804 pariter
769 2730 894 2786 facit
939 2732 1083 2803 quod
1136 2731 1342 2787 ibidem
1386 2731 1710 2787 immediate
1749 2731 2023 2803 sequitur.

148 2827 277 2881 Cum
306 2845 502 2901 nempe
527 2846 554 2882 a
582 2828 789 2900 Legatis
814 2829 1113 2902 pontificiis
1134 2830 1475 2903 postulatum
1498 2829 1717 2898 fuisset,
1742 2828 2025 2901 quodnam

149 2926 216 2980 ob
242 2926 451 2981 crimen
485 2927 859 3000 patriarcham
904 2927 1224 2983 Dioscorum
1257 2947 1284 2982 a
1317 2928 1551 2983 concilio
1582 2928 1878 3002 expulsum
1914 2927 2025 2983 vel-

148 3020 282 3091 lent,
311 3022 595 3095 respondit
620 3042 765 3078 unus
793 3041 856 3078 ex
888 3023 1023 3097 ipsis
1055 3045 1064 3077 :
1099 3024 1364 3097 Synodum
1402 3043 1563 3080 ausus
1602 3034 1679 3080 est
1712 3025 1890 3095 facere
1917 3027 2031 3079 sine

152 3119 456 3172 aetctorilate
507 3121 644 3174 sedis
693 3121 1013 3194 Apostolicae,
1061 3124 1198 3194 quod
1244 3141 1514 3195 reunquam
1560 3125 1894 3196 factumest,
1933 3137 2027 3174 nec

149 3214 262 3284 fieri
284 3212 416 3267 licet.
464 3221 657 3271 Συνὸδον
690 3223 920 3286 ἐτόλμησε
946 3229 1130 3287 ποιῆσαι
1173 3231 1426 3293 επιτροπῆς
1459 3226 1566 3290 δίχα
1604 3229 1682 3275 τοῦ
1716 3223 2026 3273 unoculi-m&

152 3315 331 3381 θρόνου,
362 3316 474 3381 ὅπερ
497 3315 712 3367 &thim-:3
740 3318 932 3383 γέγονεν
959 3321 1063 3370 &aas
1088 3317 1193 3381 ἐξον
1217 3322 1450 3387 γενέσθαι.
1478 3315 1614 3369 Huic
1641 3321 1829 3368 autem
1856 3330 2030 3367 asser·
2079 3323 2082 3329 '

153 3404 312 3473 tioni,
341 3405 487 3476 quod
518 3406 725 3461 scilicet
751 3426 855 3463 non
886 3411 1062 3478 liceat,
1093 3415 1252 3466 etiam
1278 3413 1371 3466 ulli
1397 3410 1743 3478 Patriurchae,
1774 3409 2023 3481 synodum

152 3519 429 3557 convocare
453 3505 638 3575 absque
657 3504 865 3559 licentia
884 3506 1103 3560 Romani
1136 3508 1399 3581 Episcopi,
1430 3507 1619 3561 nullus
1646 3512 1869 3581 patrum
1903 3524 2027 3561 con-

153 3598 400 3666 tradixit;
436 3619 545 3672 quo
584 3602 717 3656 satis
753 3602 1046 3657 denotatur
1081 3605 1394 3660 communis
1425 3605 1675 3660 omnium
1711 3606 1814 3660 hac
1861 3604 1927 3660 de
1969 3623 2027 3661 re

152 3698 453 3766 persuasio.
487 3699 606 3755 Jam
634 3718 758 3755 vero
791 3700 832 3754 si
872 3702 981 3755 haec
1010 3701 1077 3755 sit
1102 3701 1330 3757 Romani
1356 3679 1607 3776 Episcopi
1641 3703 2023 3776 praerogativa,

1259 3794 1277 3814 .

689 3888 719 3917 0
