2320 4010
623 195 776 245 mnnx
803 194 960 244 mxu
987 192 1324 243 mmmmm
1350 189 1597 239 onumen.

284 305 481 348 Doctrina
513 303 724 354 Haucleri,
754 300 939 345 doctoris
960 299 1181 344 Sol-bonici
1189 326 1924 345 ...............

284 371 478 415 Doctrina
498 370 706 414 facultatis
726 367 976 412 coloniensis
999 379 1110 411 anno
1131 366 1237 410 1615
1240 395 1927 411 ..............

284 437 481 480 Doctrina
518 435 758 479 Bellarmini
762 460 1928 480 .......................

284 502 482 545 Doctrina
521 502 701 546 Sum-aii
706 528 1927 546 ........................

284 571 480 613 Doctrina
508 570 548 612 S.
574 568 784 612 Francisci
814 569 956 611 Saloeii
962 598 1242 613 ......
1261 564 1264 568 ’
1283 594 1928 611 .............

283 636 478 678 Doctrina
500 635 602 679 cleri
622 634 820 678 Gallicani
842 645 952 676 anno
975 630 1080 675 1625
1086 660 1930 678 .................

285 703 479 746 Doctrina
515 702 620 745 cleri
649 699 846 744 Gallicani
878 701 930 742 ab
963 712 1075 742 anno
1108 699 1227 751 1651,
1264 711 1398 753 usque
1429 699 1482 741 ad
1515 709 1673 741 annum
1708 698 1829 748 1671,
1888 710 1935 740 ex

335 770 462 822 gestis
493 771 537 812 in
565 781 691 812 causa
717 769 962 812 Jansenismi
969 800 1613 813 .............
1641 786 1647 794 ·
1654 798 1928 812 ......

284 837 521 879 Doctrinam
551 837 604 878 de
631 836 1078 889 infallibilitatePapae
1108 836 1154 877 in
1186 835 1315 877 Gallia
1339 834 1550 887 vigentem
1581 845 1690 875 anno
1723 833 1828 874 1655
1852 837 1938 874 tas-

339 910 459 948 tatur
483 905 692 958 quoddam
709 903 1029 946 conciliabulum
1054 902 1400 951 Jansenistarum‚
1425 902 1494 944 cui
1523 901 1719 944 interfuit
1736 900 1938 943 Thomas-

336 984 463 1015 smus·
494 1006 503 1016 .
543 1006 552 1017 .
591 1005 600 1015 .
696 998 1931 1016 ........................

284 1040 477 1083 Doctrina
497 1039 542 1080 in
563 1039 702 1080 Galliis
716 1038 821 1079 etin
836 1041 924 1077 toto
945 1037 1044 1078 orbe
1059 1035 1261 1078 catholico
1281 1035 1416 1076 adhuc
1439 1035 1580 1086 vigens
1599 1045 1708 1075 anno
1726 1033 1844 1082 1662,
1873 1045 1922 1075 ex

336 1106 572 1147 testimonio
603 1106 719 1146 Petri
754 1105 807 1146 de
830 1105 965 1145 Marca
975 1131 1932 1149 ...................

283 1168 568 1217 concluditur,
594 1174 685 1222 post
699 1168 1009 1210 Constantiense
1025 1167 1246 1209 concilium
1263 1167 1558 1208 universaliter
1572 1166 1756 1218 viguisse
1777 1165 1829 1206 de
1851 1165 1933 1206 Ro-

335 1237 448 1277 mani
471 1236 678 1277 Pontificis
706 1236 1006 1277 infallibilitate
1030 1235 1354 1288 persuasionem,
1379 1246 1511 1287 usque
1535 1235 1587 1275 ad
1615 1245 1772 1274 annum
1800 1232 1918 1274 1665.

232 1302 319 1344 Cir.
348 1304 447 1344 VIII.
475 1327 528 1335 —
552 1304 898 1345 Infallibilitatem
929 1305 1097 1345 Romani
1125 1303 1332 1344 Pontifieis
1363 1302 1544 1343 asseruit
1576 1313 1623 1342 ac
1657 1291 1843 1354 professa
1875 1304 1939 1341 est

283 1370 527 1412 Parisiensis
566 1372 751 1412 Facultas
780 1372 829 1411 ab
862 1383 969 1411 anno
1000 1371 1102 1411 1665
1128 1370 1179 1411 ad
1206 1381 1363 1411 annum
1397 1367 1512 1409 1682.
1544 1369 1630 1422 Ipsi
1655 1378 1920 1421 nequaquam
1965 1390 1973 1398 -

283 1438 500 1479 tribuendi
529 1444 628 1480 sunt
648 1451 715 1480 sex
748 1438 915 1479 articuli
938 1439 1038 1479 anni
1066 1438 1184 1479 1663.
1212 1437 1327 1484 Quod
1355 1441 1492 1478 autem
1512 1440 1696 1489 quatuor
1725 1434 1931 1476 articulos

284 1506 384 1546 anni
411 1505 512 1546 1682
535 1505 836 1558 approbaverit,
862 1516 973 1545 mera
997 1506 1204 1546 calumnia
1220 1510 1282 1545 est
1289 1530 1934 1546 .............

284 1581 310 1632 5
336 1581 374 1621 1.
397 1603 448 1610 -
473 1581 579 1627 Quid
603 1580 829 1632 contigerit
843 1581 1054 1621 occasione
1072 1580 1217 1627 thesis,
1246 1579 1311 1619 die
1330 1577 1380 1619 12
1404 1577 1635 1618 decembris
1660 1575 1782 1625 1661,
1814 1576 1932 1617 Pari-

339 1647 410 1688 siis
440 1649 483 1688 in
506 1647 681 1699 collegio
707 1648 879 1688 Patrum
901 1647 1123 1687 societatis
1145 1647 1243 1687 Jesu
1268 1650 1543 1698 propugnata}
1553 1670 1935 1690 ........

286 1724 310 1774 g
336 1722 376 1762 2.
399 1745 453 1754 —
476 1722 578 1768 Quid
603 1722 826 1774 contigerit
846 1723 1057 1762 occasione
1078 1722 1204 1763 thesis
1220 1721 1416 1763 Gabrielis
1442 1721 1596 1761 Drouet
1611 1719 1663 1760 de
1682 1719 1936 1767 Vileneuve,

339 1790 457 1843 cujus
475 1789 795 1841 propugnationi
822 1789 1028 1839 assignata
1048 1790 1183 1830 tuerat
1202 1788 1289 1829 dies
1314 1788 1363 1828 19
1385 1787 1572 1839 januarii
1598 1787 1700 1827 1665
1716 1816 1934 1831 .....

341 1853 372 1894 1.
405 1855 652 1907 Excerptum
674 1866 696 1894 e
718 1854 988 1906 requisitorio
1010 1855 1199 1895 advocati
1221 1855 1346 1896 Talon
1355 1880 1934 1896 ............

341 1930 391 1969 11.
423 1930 632 1976 Quomodo
651 1930 957 1971 Parlamentum
977 1931 1126 1972 thesim
1141 1931 1275 1978 illam,
1302 1936 1345 1972 et
1362 1942 1502 1972 omnes
1524 1931 1627 1971 alias
1642 1930 1821 1970 similem
1839 1929 1940 1970 doc·

392 1997 550 2038 trinam
576 1998 836 2038 continentes
858 1997 1133 2049 prohibuerit,
1161 2004 1203 2038 et
1227 1998 1352 2039 simul
1371 1997 1547 2049 jusserit
1571 2009 1697 2038 suum
1720 1997 1850 2037 hocce
1870 1996 1942 2036 de-

391 2069 556 2104 cretum
580 2063 736 2104 tabulis
761 2063 982 2104 Facultatis
1006 2063 1133 2104 inseri
1141 2090 1937 2106 ................

342 2138 412 2179 111.
443 2138 654 2184 Quomodo
669 2138 980 2179 Parlamentum
997 2138 1251 2179 Facultatem
1267 2138 1418 2179 adierit
1432 2138 1484 2178 ad
1501 2137 1769 2178 obtinendam
1784 2137 1935 2179 dictam

392 2205 677 2252 insertionem,
698 2210 739 2244 et
758 2205 962 2254 quomodo
985 2204 1172 2244 Facultas
1191 2205 1326 2254 quoad
1344 2209 1478 2244 totum
1503 2204 1616 2244 istud
1642 2203 1861 2254 negotium
1889 2215 1935 2244 se

397 2269 574 2319 gesserit
579 2297 1940 2315 ...........................

346 2343 407 2382 lv.
438 2343 578 2383 Totius
597 2343 660 2383 rei
681 2342 827 2382 relatio
851 2354 900 2383 ex
921 2343 1042 2382 Patre
1069 2342 1212 2395 Rapin,
1240 2343 1472 2392 Meirnoires,
1498 2355 1588 2396 cap.
1619 2356 1683 2382 xvi
1689 2375 1939 2389 ......

347 2411 388 2450 V.
416 2410 626 2456 Quomodo
652 2411 835 2462 primum
874 2412 1076 2461 denegata
1115 2412 1273 2452 decreti
1314 2412 1507 2461 insertio,
1543 2413 1713 2454 tandem
1749 2423 1824 2465 per
1860 2412 1944 2452 vim

397 2484 555 2519 extorta
586 2479 639 2519 sit
643 2508 1941 2527 ..........................

347 2553 410 2592 vl.
435 2552 716 2593 plurimorum
745 2553 962 2595 doctorum
981 2554 1219 2605 protestatio
1243 2540 1389 2596 contra
1412 2555 1571 2595 decreti
1590 2554 1876 2596 insertionem.
1917 2590 1927 2600 .

348 2629 429 2671 vn.
455 2628 596 2669 Adhuc
620 2633 723 2669 tunc
747 2630 957 2681 temporis,
998 2631 1039 2671 id
1064 2636 1140 2681 est,
1167 2631 1244 2672 sub
1272 2630 1442 2671 initium
1466 2630 1562 2670 anni
1597 2631 1715 2679 1665,
1742 2631 1943 2672 doctrinae

399 2696 590 2752 Romanae
610 2696 890 2743 adhaerebant,
913 2698 1052 2750 paucis
1074 2698 1501 2750 exceptis,Facultatis
1521 2697 1776 2740 Parisiensis
1801 2698 1948 2739 docto-

401 2775 483 2803 res.
511 2785 564 2792 —
591 2762 817 2804 Remissive
823 2793 1942 2812 ......................

296 2839 320 2890 S
348 2838 386 2878 5.
413 2860 464 2867 —
485 2837 591 2884 Quid
616 2836 838 2890 contigerit
859 2850 999 2879 mense
1017 2838 1143 2890 aprili
1171 2839 1284 2887 1665,
1317 2839 1531 2880 occasione
1564 2839 1691 2880 thesis
1717 2838 1946 2880 Laurentii

403 2905 645 2958 Desplantes
650 2934 1946 2953 ..........................

298 2981 323 3033 5
350 2979 388 3021 4.
417 3002 469 3009 —
492 2980 566 3020 Sex
599 2980 743 3021 famosi
777 2980 946 3021 articuli
965 2980 1064 3021 anni
1099 2980 1215 3029 1663,
1246 2992 1330 3021 non
1350 2981 1522 3021 suerunt
1558 2979 1691 3020 libera
1720 2979 1946 3020 Facultatis

348 3047 582 3087 declaratio.
620 3047 751 3087 Immo
785 3058 862 3088 nec
896 3047 1115 3098 Facultati‚
1150 3048 1193 3088 id
1226 3053 1301 3097 est,
1339 3048 1487 3099 maj0ri
1522 3047 1739 3088 doctorum
1770 3059 1949 3089 numero

351 3112 616 3153 adscribendi
639 3117 750 3152 sunt.
784 3113 989 3166 Praeterea
1009 3118 1152 3155 contra
1176 3115 1267 3154 illos
1291 3114 1489 3154 articulos
1513 3112 1619 3154 sacta
1649 3118 1711 3154 est
1745 3125 1767 3154 a
1798 3114 1946 3155 docto-

351 3180 469 3221 ribus
496 3179 719 3220 Facultatis
741 3180 997 3231 protestatio,
1031 3186 1074 3221 et
1100 3182 1150 3221 ab
1179 3181 1266 3233 ipso
1290 3181 1414 3222 etiam
1438 3181 1627 3232 syndico,
1652 3181 1727 3234 qui
1750 3193 1819 3223 eos
1842 3183 1948 3223 arti-

351 3247 468 3288 culos
493 3259 589 3287 cum
624 3247 816 3288 ministro
837 3249 884 3288 Le
906 3248 1055 3289 Tellier
1081 3249 1407 3290 concinnaverat
1413 3278 1945 3295 ...........

353 3313 386 3352 Ῑ.
417 3312 556 3354 Totius
588 3313 650 3353 rei
671 3314 821 3354 relatio
857 3326 880 3355 a
910 3315 1029 3357 Patre
1055 3315 1185 3367 Rapin
1191 3346 1944 3363 ...............

353 3385 405 3427 11.
436 3386 658 3427 Decretum
680 3387 928 3429 Pax-lamenti
962 3393 1005 3429 et
1033 3389 1249 3430 decretum
1283 3389 1467 3442 regium,
1504 3391 1656 3443 quibus
1683 3402 1753 3432 sex
1780 3389 1950 3432 articuli

406 3454 631 3495 Facultatis
660 3455 884 3496 firmantur
916 3461 960 3497 et
994 3457 1229 3510 obligatorii
1270 3457 1314 3498 in
1353 3458 1507 3499 scholis
1541 3458 1829 3501 decernuntur
1860 3457 1938 3499 suh

406 3532 541 3572 poenis
547 3551 1945 3570 ............................

355 3593 430 3636 111.
458 3594 566 3640 Quid
588 3595 802 3648 scripserit
821 3595 967 3639 doctor
994 3597 1244 3640 Sorbonicus
1269 3598 1509 3641 Valerianus
1547 3599 1599 3640 de
1626 3587 1840 3652 Flavignyss
1877 3631 1888 3644 .
1927 3631 1939 3644 .

1974 190 2064 240 677

1983 297 2060 340 551

1985 363 2064 406 552

1984 428 2065 472 552

1986 496 2067 539 555

1986 563 2066 605 554

1987 629 2067 670 554

1987 762 2067 806 557

1991 965 2068 1007 563

1991 1098 2069 1140 566

1977 1231 2054 1272 570

1994 1501 2071 1542 570

1994 1643 2065 1684 571

1994 1785 2072 1824 574

1994 1851 2070 1891 574

1997 2059 2075 2099 575

1998 2269 2075 2310 576

1997 2343 2070 2383 581

1998 2480 2077 2522 588

1985 2554 2064 2595 590

2001 2763 2075 2804 591

2005 2902 2078 2945 592

2004 3249 2078 3290 597

2003 3316 2081 3357 598

2003 3523 2078 3565 601

1999 3596 2078 3638 602
