2320 4010
791 176 914 223 PARS
945 174 1182 222 SECUNDA.
1838 164 1928 211 405

61 309 91 342 α
118 286 348 359 contigit
372 284 628 353 dedecus,
645 288 706 338 ut
731 281 935 354 aliquis
957 275 1349 336 haeresiarches
1367 273 1544 332 eidem
1570 269 1921 348 praesideret;

64 407 91 438 «
125 402 291 457 quam
321 399 577 438 summus
608 379 984 454 apostolorum
1012 376 1272 452 princeps
1296 391 1396 435 sua
1415 370 1660 429 sessione
1681 368 1928 425 illustra-

68 505 93 535 «
123 482 274 538 vitet
302 480 423 535 suso
465 477 736 551 sanguine
761 474 1131 541 consecravit;
1178 472 1269 530 cui
1308 489 1441 528 suas
1490 467 1761 542 regendas
1804 484 1932 524 oves

69 604 95 635 «
123 580 213 637 Dei
240 579 409 634 Filius
456 576 677 652 speciali
712 594 847 632 eura
887 572 1189 631 commisit.
1238 571 1347 627 Nec
1387 569 1619 636 mirum,
1653 564 1781 638 quia
1827 563 1934 638 ipsi

67 700 94 732 «
123 678 331 733 dictum
361 675 539 730 suerat
563 672 674 729 :Tu
709 691 762 728 es
789 673 978 728 Petrus
1002 678 1054 725 et
1079 687 1236 742 super
1266 669 1400 722 hanc
1422 674 1630 739 petram
1669 664 1933 734 aedifieabo

70 794 98 827 (ι
129 772 431 829 Ecclesiam.
463 769 526 824 Et
562 769 651 823 tibi
690 768 820 822 dabo
849 766 1016 821 claves
1043 764 1189 834 reqni
1219 762 1484 817 coelorum.
1517 759 1655 830 Ergo
1686 757 1779 814 cui
1806 775 1933 831 pro-

71 887 98 918 «
127 865 244 939 pria
273 861 601 919 auctoritate
633 878 869 931 regnum
909 858 1095 924 dabat,
1131 855 1300 928 hujus
1334 854 1502 909 fidem
1548 854 1779 915 firmare?
1823 871 1937 908 non

69 981 96 1014 «
128 960 372 1034 poterat?
400 974 566 1028 quem
605 973 732 1010 cum
767 959 980 1028 petram
1026 951 1178 1020 dicit,
1230 951 1648 1005 firmamentum
1685 947 1940 1003 Ecclesiae

68 1079 95 1110 α
126 1035 384 1112 ῑηᾱῑξιᾶνῑι
410 1076 435 1106 »
461 1053 629 1127 (apud
654 1052 852 1119 Labbt»,
885 1058 1036 1106 tomo
1064 1049 1187 1120 vni,
1223 1048 1329 1103 001.
1360 1047 1492 1116 478,
1524 1046 1658 1102 edit.
1687 1045 1938 1116 Parisiis,

69 1156 257 1226 1671).
289 1152 418 1210 Dein
453 1152 521 1207 iis
558 1169 679 1223 quie
705 1156 895 1205 contra
920 1147 1152 1203 Romani
1176 1146 1453 1202 pontificis
1483 1144 1940 1201 infallibilitatem

69 1270 132 1308 ex
150 1257 413 1324 praetenso
440 1249 598 1322 lapsu
623 1246 820 1302 Liberii
855 1247 1009 1318 Papa}
1041 1244 1203 1317 objici
1236 1248 1463 1316 possent
1488 1242 1568 1297 sic
1604 1243 1937 1315 respondet:

150 1369 175 1399 «
205 1347 457 1411 Quamvis
486 1366 513 1400 a
561 1345 683 1399 {idei
728 1342 948 1398 tramite
1004 1360 1114 1396 non
1174 1340 1433 1409 deviaret,
1470 1339 1629 1395 exilio
1683 1347 1732 1396 et
1773 1339 1943 1396 minis

79 1464 105 1494 «
138 1442 318 1519 Ariani
362 1441 627 1514 principis
663 1438 910 1508 territu5,
945 1455 1052 1490 non
1099 1436 1304 1492 virtute
1340 1454 1448 1507 qua
1503 1436 1696 1491 debuit
1724 1436 1944 1510 perfidis

81 1559 107 1588 «
137 1537 350 1592 Arianis
379 1536 613 1591 viriliter
639 1532 962 1607 repugnavit
992 1554 1018 1583 »
1048 1533 1187 1604 (loeo
1211 1532 1425 1603 citato).
1451 1532 1784 1588 Persuasum
1817 1550 1946 1604 ergo
1993 1589 1996 1592 Α

80 1634 270 1689 habuit
301 1635 510 1698 „EneaS,
549 1632 660 1686 ideo
684 1630 902 1685 nullum
936 1628 1119 1682 Romae
1142 1627 1351 1682 sedisse
1384 1628 1707 1684 haereticum
1731 1628 1949 1702 Episco-

77 1749 230 1804 pum,
259 1733 378 1802 qnia
415 1730 711 1784 Romanam
748 1725 938 1780 Sedem
980 1723 1227 1779 sessione
1268 1743 1369 1779 sua
1404 1723 1706 1779 illustravit
1730 1726 1944 1793 Petrus,

79 1832 130 1880 et
153 1829 272 1897 quia
302 1826 454 1880 Petro
480 1823 687 1877 dictum
711 1822 912 1894 suerat,
941 1829 993 1875 tu
1032 1839 1086 1875 es
1123 1821 1327 1887 Petrus,
1370 1827 1501 1888 ete.,
1547 1821 1781 1893 ejusque
1812 1822 1948 1876 fides

74 1919 255 2003 divina
290 1919 656 1992 promissione
695 1917 912 1970 firmata
964 1917 1162 1983 suerat,
1199 1923 1251 1971 et
1282 1916 1502 1989 positus
1552 1916 1734 1973 fuerat
1774 1917 1947 1974 totius

75 2016 323 2072 Ecclesiae
349 2017 782 2070 firmamentum.
817 2012 919 2067 Sed
945 2013 1084 2068 ratio
1118 2014 1231 2068 liaec
1254 2031 1411 2084 teque
1437 2014 1582 2069 valet
1617 2015 1800 2087 quoad
1834 2033 1949 2070 om·

76 2114 228 2170 nium
250 2113 561 2185 temporum
592 2112 866 2165 Romanos
883 2110 1172 2167 Pontifices
1200 2132 1210 2165 :
1235 2131 1365 2186 ergo
1392 2120 1728 2186 persuasum
1750 2115 1947 2171 habuit

74 2214 259 2268 AEneas
287 2209 600 2266 inerrantiae
632 2208 1048 2283 praerogativam
1077 2208 1340 2264 Romanis
1375 2211 1640 2267 omnibus
1666 2212 1949 2268 Pontifici-

75 2306 176 2362 bus
202 2307 257 2362 in
282 2306 422 2362 beati
454 2305 595 2360 Petri
632 2322 863 2377 persona
895 2304 1067 2358 fuisse
1095 2322 1123 2358 a
1162 2306 1379 2361 Christo
1419 2307 1699 2362 collatam.

151 2404 415 2458 Paorosrrio
454 2402 576 2458 XXa.
598 2434 663 2441 —
683 2401 830 2456 Nono
860 2400 1042 2455 saeculo
1070 2403 1293 2472 viyuisse
1332 2404 1395 2457 de
1427 2404 1649 2459 Romani
1672 2405 1949 2476 Pontificis

81 2503 362 2558 inerrantia
380 2502 796 2574 persuasionem,
815 2506 1019 2553 constat
1045 2517 1110 2553 ea:
1138 2499 1414 2554 Hincmaro
1443 2501 1720 2557 Rhemensi
1739 2502 1949 2558 Archie-

76 2601 302 2673 piscopO.
321 2631 388 2639 —
411 2601 465 2654 1⁰
484 2599 542 2652 In
570 2598 711 2652 libro
740 2615 840 2651 suo
866 2597 928 2650 (Ie
944 2596 1440 2668 Praeclestinatimze,
1457 2599 1634 2673 capite
1652 2619 1764 2654 xx1v
1789 2601 1948 2674 (Ope-

78 2712 201 2750 rum
228 2701 374 2750 tomo
398 2694 437 2766 l,
473 2693 578 2748 col.
630 2691 761 2762 210,
793 2691 1054 2747 editionis
1084 2692 1303 2764 Migne),
1339 2695 1676 2767 probandam
1713 2698 1944 2772 suscipit

77 2797 262 2847 contra
313 2790 819 2865 praedestinatianos
867 2789 1067 2844 thesim
1105 2791 1247 2846 hanc
1282 2813 1291 2844 :
1331 2813 1358 2844 «
1400 2794 1537 2849 Deus
1592 2795 1947 2870 omnipotens

81 2908 109 2940 ι(
135 2906 324 2943 omnes
356 2887 608 2942 homines
636 2886 754 2941 sine
801 2886 1121 2959 exceptione
1147 2887 1262 2942 vult
1296 2889 1473 2945 salvos
1514 2891 1657 2959 fieri,
1687 2892 1814 2947 licet
1840 2911 1948 2946 non

83 3001 337 3037 «omnes
378 2983 714 3036 salventur»
761 2982 1010 3054 (ibidem,
1063 2985 1168 3038 col.
1229 2985 1380 3058 2211).
1422 2987 1593 3048 Quam
1646 2994 1705 3041 ut
1763 3005 1948 3041 veram

83 3078 458 3143 demonstret,
504 3076 711 3146 allegat
756 3083 883 3132 ante
941 3079 1127 3133 omnia
1183 3086 1236 3134 et
1300 3088 1569 3152 tanquam
1639 3088 1951 3155 perempto-

87 3171 231 3224 rium
274 3177 687 3241 argumentum,
741 3172 998 3227 traditam
1054 3174 1156 3228 hac
1198 3177 1263 3229 de
1319 3194 1381 3230 re
1426 3177 1494 3229 ab
1549 3175 1789 3231 Ecclesia
1846 3177 1950 3232 Ro-

90 3285 251 3321 mana
312 3265 617 3322 doctrinam
657 3289 666 3318 ;
735 3287 761 3317 «
817 3267 1207 3338 ConsulenteS,
1268 3269 1481 3341 inquit,
1554 3277 1683 3326 ante
1738 3274 1945 3344 omnia,

93 3386 118 3415 «
156 3365 292 3420 sicut
365 3370 413 3417 ct
463 3363 637 3436 prima
685 3368 765 3417 est
822 3362 878 3415 in
932 3368 1043 3416 toto
1097 3365 1230 3419 orbe
1274 3366 1525 3421 omnium
1582 3369 1953 3428 Ecclesiaruin

96 3483 122 3512 «
159 3465 615 3529 mater,sanctam
638 3457 964 3512 catholicam
983 3464 1035 3511 ct
1067 3460 1418 3531 apostolicam
1445 3463 1746 3522 Romanam
1776 3469 1957 3526 Eccle-

98 3577 124 3607 α
152 3556 361 3612 siam...
422 3555 527 3611 Ista
571 3554 874 3627 glorificata
926 3560 1007 3609 est
1054 3555 1238 3626 magni
1279 3557 1433 3614 Petri
1475 3561 1743 3638 principis
1797 3585 1955 3641 aposa
