<?xml version="1.0" encoding="UTF-8"?>
<!DOCTYPE html PUBLIC "-//W3C//DTD XHTML 1.0 Transitional//EN"
    "http://www.w3.org/TR/xhtml1/DTD/xhtml1-transitional.dtd">
<html xmlns="http://www.w3.org/1999/xhtml" xml:lang="en" lang="en">
 <head>
  <title>
</title>
<meta http-equiv="Content-Type" content="text/html;charset=utf-8" />
  <meta name='ocr-system' content='tesseract 3.04.00' />
  <meta name='ocr-capabilities' content='ocr_page ocr_carea ocr_par ocr_line ocrx_word'/>
</head>
<body>
  <div class='ocr_page' id='page_1' title='image "a548470101bouiuoft_0098.png"; bbox 0 0 2372 4108; ppageno 0'>
   <div class='ocr_carea' id='block_1_1' title="bbox 328 259 1564 320">
    <p class='ocr_par' dir='ltr' id='par_1_1' title="bbox 328 259 1564 320">
     <span class='ocr_line' id='line_1_1' title="bbox 328 259 1564 320; baseline -0.008 -2"><span class='ocrx_word' id='word_1_1' title='bbox 328 272 386 320; x_wconf 92' lang='lat'>88</span> <span class='ocrx_word' id='word_1_2' title='bbox 994 259 1290 310; x_wconf 80' lang='lat' dir='ltr'>TRACTATUS</span> <span class='ocrx_word' id='word_1_3' title='bbox 1322 260 1387 307; x_wconf 92' lang='lat' dir='ltr'>DE</span> <span class='ocrx_word' id='word_1_4' title='bbox 1417 259 1564 308; x_wconf 82' lang='lat' dir='ltr'>PAPA.</span> 
     </span>
    </p>
   </div>
   <div class='ocr_carea' id='block_1_2' title="bbox 317 366 2255 3806">
    <p class='ocr_par' dir='ltr' id='par_1_2' title="bbox 324 366 2255 926">
     <span class='ocr_line' id='line_1_2' title="bbox 401 366 2239 444; baseline -0.005 -9"><span class='ocrx_word' id='word_1_5' title='bbox 401 379 522 435; x_wconf 89' lang='lat' dir='ltr'>Jam</span> <span class='ocrx_word' id='word_1_6' title='bbox 554 382 715 434; x_wconf 86' lang='lat' dir='ltr'>antea</span> <span class='ocrx_word' id='word_1_7' title='bbox 737 372 950 427; x_wconf 82' lang='lat' dir='ltr'><strong>dixerat</strong></span> <span class='ocrx_word' id='word_1_8' title='bbox 969 367 1111 424; x_wconf 87' lang='lat' dir='ltr'>alter</span> <span class='ocrx_word' id='word_1_9' title='bbox 1139 367 1297 424; x_wconf 87' lang='lat' dir='ltr'>Sedis</span> <span class='ocrx_word' id='word_1_10' title='bbox 1328 366 1658 444; x_wconf 85' lang='lat' dir='ltr'>Apostolicae</span> <span class='ocrx_word' id='word_1_11' title='bbox 1671 367 1890 443; x_wconf 85' lang='lat' dir='ltr'>legatus</span> <span class='ocrx_word' id='word_1_12' title='bbox 1910 392 1922 427; x_wconf 70' lang='grc' dir='ltr'><strong>ε</strong></span> <span class='ocrx_word' id='word_1_13' title='bbox 1946 370 2030 428; x_wconf 71' lang='lat' dir='ltr'>Em</span> <span class='ocrx_word' id='word_1_14' title='bbox 2055 371 2239 444; x_wconf 78' lang='lat' dir='ltr'>quibus</span> 
     </span>
     <span class='ocr_line' id='line_1_3' title="bbox 330 454 2255 550; baseline -0.004 -18"><span class='ocrx_word' id='word_1_15' title='bbox 330 475 552 550; x_wconf 81' lang='lat' dir='ltr'>(litteris</span> <span class='ocrx_word' id='word_1_16' title='bbox 602 467 887 528; x_wconf 88' lang='lat' dir='ltr'>Coelestini</span> <span class='ocrx_word' id='word_1_17' title='bbox 929 466 1111 543; x_wconf 81' lang='lat' dir='ltr'>Papae)</span> <span class='ocrx_word' id='word_1_18' title='bbox 1154 474 1336 524; x_wconf 83' lang='lat' dir='ltr'>vestra</span> <span class='ocrx_word' id='word_1_19' title='bbox 1380 467 1649 523; x_wconf 82' lang='lat' dir='ltr'><em>beatitudo</em></span> <span class='ocrx_word' id='word_1_20' title='bbox 1700 486 1983 541; x_wconf 72' lang='lat' dir='ltr'>aqnoscere</span> <span class='ocrx_word' id='word_1_21' title='bbox 2017 454 2255 543; x_wconf 45' lang='lat' dir='ltr'>poterit?</span> 
     </span>
     <span class='ocr_line' id='line_1_4' title="bbox 325 567 2241 648; baseline -0.002 -18"><span class='ocrx_word' id='word_1_22' title='bbox 325 575 533 648; x_wconf 81' lang='lat' dir='ltr'>qualem</span> <span class='ocrx_word' id='word_1_23' title='bbox 576 572 807 626; x_wconf 79' lang='lat' dir='ltr'>omnium</span> <span class='ocrx_word' id='word_1_24' title='bbox 845 568 1191 626; x_wconf 82' lang='lat' dir='ltr'>Ecclesiarun</span> <span class='ocrx_word' id='word_1_25' title='bbox 1231 587 1414 625; x_wconf 86' lang='lat' dir='ltr'>curam</span> <span class='ocrx_word' id='word_1_26' title='bbox 1455 575 1608 641; x_wconf 75' lang='lat' dir='ltr'>qerat</span> <span class='ocrx_word' id='word_1_27' title='bbox 1643 567 1818 644; x_wconf 87' lang='lat' dir='ltr'>(apud</span> <span class='ocrx_word' id='word_1_28' title='bbox 1853 567 2062 639; x_wconf 87' lang='lat' dir='ltr'>Labbe,</span> <span class='ocrx_word' id='word_1_29' title='bbox 2120 569 2241 626; x_wconf 92' lang='lat' dir='ltr'>loco</span> 
     </span>
     <span class='ocr_line' id='line_1_5' title="bbox 324 667 2238 740; baseline -0.002 -13"><span class='ocrx_word' id='word_1_30' title='bbox 324 672 513 739; x_wconf 85' lang='lat' dir='ltr'>citato,</span> <span class='ocrx_word' id='word_1_31' title='bbox 567 669 672 725; x_wconf 93' lang='lat' dir='ltr'>col.</span> <span class='ocrx_word' id='word_1_32' title='bbox 731 668 886 740; x_wconf 88' lang='grc'><strong>611).</strong></span> <span class='ocrx_word' id='word_1_33' title='bbox 937 667 1068 732; x_wconf 85' lang='lat' dir='ltr'>Quae</span> <span class='ocrx_word' id='word_1_34' title='bbox 1109 686 1292 739; x_wconf 78' lang='lat' dir='ltr'>voceS‚</span> <span class='ocrx_word' id='word_1_35' title='bbox 1355 687 1540 726; x_wconf 79' lang='lat' dir='ltr'>euram</span> <span class='ocrx_word' id='word_1_36' title='bbox 1586 671 1813 725; x_wconf 80' lang='lat' dir='ltr'>omnium</span> <span class='ocrx_word' id='word_1_37' title='bbox 1862 667 2238 737; x_wconf 80' lang='lat' dir='ltr'>Ecclesiarum,</span> 
     </span>
     <span class='ocr_line' id='line_1_6' title="bbox 324 766 2245 844; baseline -0.001 -19"><span class='ocrx_word' id='word_1_38' title='bbox 324 774 515 844; x_wconf 90' lang='lat' dir='ltr'>aperte</span> <span class='ocrx_word' id='word_1_39' title='bbox 535 773 868 843; x_wconf 91' lang='lat' dir='ltr'>supponunt</span> <span class='ocrx_word' id='word_1_40' title='bbox 889 766 1140 823; x_wconf 88' lang='lat' dir='ltr'>Romano</span> <span class='ocrx_word' id='word_1_41' title='bbox 1163 767 1416 823; x_wconf 89' lang='lat' dir='ltr'>Pontifici</span> <span class='ocrx_word' id='word_1_42' title='bbox 1441 773 1759 843; x_wconf 77' lang='lat' dir='ltr'>competere</span> <span class='ocrx_word' id='word_1_43' title='bbox 1780 767 2062 843; x_wconf 83' lang='lat' dir='ltr'>primatus</span> <span class='ocrx_word' id='word_1_44' title='bbox 2076 767 2245 842; x_wconf 85' lang='lat' dir='ltr'>juris-</span> 
     </span>
     <span class='ocr_line' id='line_1_7' title="bbox 324 867 1436 926; baseline 0 -2"><span class='ocrx_word' id='word_1_45' title='bbox 324 869 629 926; x_wconf 78' lang='lat' dir='ltr'>dictionem</span> <span class='ocrx_word' id='word_1_46' title='bbox 659 868 718 923; x_wconf 89' lang='lat' dir='ltr'>in</span> <span class='ocrx_word' id='word_1_47' title='bbox 747 867 1074 924; x_wconf 86' lang='lat' dir='ltr'>universam</span> <span class='ocrx_word' id='word_1_48' title='bbox 1106 868 1436 924; x_wconf 81' lang='lat' dir='ltr'>Ecclesiam.</span> 
     </span>
    </p>

    <p class='ocr_par' dir='ltr' id='par_1_3' title="bbox 317 959 2253 3123">
     <span class='ocr_line' id='line_1_8' title="bbox 402 959 2237 1042; baseline 0 -18"><span class='ocrx_word' id='word_1_49' title='bbox 402 968 490 1024; x_wconf 92' lang='grc' dir='ltr'><strong>ΙΙΙ.</strong></span> <span class='ocrx_word' id='word_1_50' title='bbox 534 959 618 1025; x_wconf 76' lang='lat' dir='ltr'>Eoe</span> <span class='ocrx_word' id='word_1_51' title='bbox 663 971 793 1024; x_wconf 77' lang='lat' dir='ltr'>actis</span> <span class='ocrx_word' id='word_1_52' title='bbox 837 970 1171 1024; x_wconf 66' lang='lat' dir='ltr'>oecumenicae</span> <span class='ocrx_word' id='word_1_53' title='bbox 1218 969 1404 1042; x_wconf 75' lang='lat' dir='ltr'>synodi</span> <span class='ocrx_word' id='word_1_54' title='bbox 1439 968 1912 1038; x_wconf 76' lang='lat' dir='ltr'>CalchedonensiS,</span> <span class='ocrx_word' id='word_1_55' title='bbox 1952 969 2080 1023; x_wconf 72' lang='lat' dir='ltr'>[mni</span> <span class='ocrx_word' id='word_1_56' title='bbox 2105 967 2237 1024; x_wconf 79' lang='lat'>451.</span> 
     </span>
     <span class='ocr_line' id='line_1_9' title="bbox 323 1066 2242 1142; baseline 0 -19"><span class='ocrx_word' id='word_1_57' title='bbox 323 1102 397 1109; x_wconf 91' lang='grc'><strong>-</strong></span> <span class='ocrx_word' id='word_1_58' title='bbox 426 1068 486 1123; x_wconf 92' lang='lat' dir='ltr'>In</span> <span class='ocrx_word' id='word_1_59' title='bbox 514 1067 788 1124; x_wconf 82' lang='lat' dir='ltr'>relatione</span> <span class='ocrx_word' id='word_1_60' title='bbox 826 1066 1079 1142; x_wconf 77' lang='lat' dir='ltr'>synodali</span> <span class='ocrx_word' id='word_1_61' title='bbox 1120 1067 1189 1122; x_wconf 90' lang='lat' dir='ltr'>ad</span> <span class='ocrx_word' id='word_1_62' title='bbox 1234 1073 1495 1123; x_wconf 89' lang='lat' dir='ltr'>sanctum</span> <span class='ocrx_word' id='word_1_63' title='bbox 1543 1066 1780 1123; x_wconf 83' lang='lat' dir='ltr'>Leonem</span> <span class='ocrx_word' id='word_1_64' title='bbox 1814 1067 2021 1142; x_wconf 90' lang='lat' dir='ltr'>Papam</span> <span class='ocrx_word' id='word_1_65' title='bbox 2057 1072 2242 1123; x_wconf 90' lang='lat' dir='ltr'>trans-</span> 
     </span>
     <span class='ocr_line' id='line_1_10' title="bbox 325 1166 2243 1242; baseline 0 -21"><span class='ocrx_word' id='word_1_66' title='bbox 325 1166 521 1238; x_wconf 84' lang='lat' dir='ltr'>missa,</span> <span class='ocrx_word' id='word_1_67' title='bbox 566 1166 762 1222; x_wconf 91' lang='lat' dir='ltr'>dicunt</span> <span class='ocrx_word' id='word_1_68' title='bbox 804 1167 992 1223; x_wconf 89' lang='lat' dir='ltr'>Patres</span> <span class='ocrx_word' id='word_1_69' title='bbox 1028 1167 1097 1223; x_wconf 89' lang='lat' dir='ltr'>de</span> <span class='ocrx_word' id='word_1_70' title='bbox 1128 1167 1382 1223; x_wconf 89' lang='lat' dir='ltr'>doctrina</span> <span class='ocrx_word' id='word_1_71' title='bbox 1424 1166 1626 1222; x_wconf 82' lang='lat' dir='ltr'>Christi</span> <span class='ocrx_word' id='word_1_72' title='bbox 1663 1185 1762 1242; x_wconf 86' lang='lat' dir='ltr'>per</span> <span class='ocrx_word' id='word_1_73' title='bbox 1794 1166 1989 1222; x_wconf 89' lang='lat' dir='ltr'>Scdem</span> <span class='ocrx_word' id='word_1_74' title='bbox 2016 1167 2243 1241; x_wconf 86' lang='lat' dir='ltr'>Aposto-</span> 
     </span>
     <span class='ocr_line' id='line_1_11' title="bbox 323 1265 2242 1340; baseline 0 -19"><span class='ocrx_word' id='word_1_75' title='bbox 323 1265 492 1322; x_wconf 89' lang='lat' dir='ltr'>licam</span> <span class='ocrx_word' id='word_1_76' title='bbox 513 1272 731 1322; x_wconf 85' lang='lat' dir='ltr'>servata</span> <span class='ocrx_word' id='word_1_77' title='bbox 763 1284 826 1321; x_wconf 90' lang='lat' dir='ltr'>ac</span> <span class='ocrx_word' id='word_1_78' title='bbox 849 1265 1186 1321; x_wconf 86' lang='lat' dir='ltr'>transmissa</span> <span class='ocrx_word' id='word_1_79' title='bbox 1211 1285 1222 1319; x_wconf 76' lang='grc' dir='ltr'>ε</span> <span class='ocrx_word' id='word_1_80' title='bbox 1255 1266 1496 1335; x_wconf 81' lang='lat' dir='ltr'>Quam...</span> <span class='ocrx_word' id='word_1_81' title='bbox 1519 1275 1787 1340; x_wconf 67' lang='lat' dir='ltr'>praecepto</span> <span class='ocrx_word' id='word_1_82' title='bbox 1817 1267 2132 1338; x_wconf 71' lang='lat' dir='ltr'>leqislatoris</span> <span class='ocrx_word' id='word_1_83' title='bbox 2156 1284 2242 1321; x_wconf 86' lang='lat' dir='ltr'>ve-</span> 
     </span>
     <span class='ocr_line' id='line_1_12' title="bbox 324 1365 2246 1439; baseline 0 -19"><span class='ocrx_word' id='word_1_84' title='bbox 324 1368 555 1422; x_wconf 82' lang='lat' dir='ltr'>nientem</span> <span class='ocrx_word' id='word_1_85' title='bbox 602 1384 764 1439; x_wconf 81' lang='lat' dir='ltr'>usque</span> <span class='ocrx_word' id='word_1_86' title='bbox 801 1367 870 1421; x_wconf 81' lang='lat' dir='ltr'>ad</span> <span class='ocrx_word' id='word_1_87' title='bbox 899 1383 995 1421; x_wconf 79' lang='lat' dir='ltr'>nos</span> <span class='ocrx_word' id='word_1_88' title='bbox 1036 1367 1150 1439; x_wconf 79' lang='lat' dir='ltr'>ipse</span> <span class='ocrx_word' id='word_1_89' title='bbox 1195 1369 1444 1434; x_wconf 76' lang='lat' dir='ltr'>servasti,</span> <span class='ocrx_word' id='word_1_90' title='bbox 1480 1368 1617 1420; x_wconf 80' lang='lat' dir='ltr'>vocis</span> <span class='ocrx_word' id='word_1_91' title='bbox 1653 1366 1793 1422; x_wconf 77' lang='lat' dir='ltr'>beati</span> <span class='ocrx_word' id='word_1_92' title='bbox 1823 1365 1974 1421; x_wconf 79' lang='lat' dir='ltr'>Petri</span> <span class='ocrx_word' id='word_1_93' title='bbox 2008 1367 2246 1421; x_wconf 79' lang='lat' dir='ltr'>omnibus</span> 
     </span>
     <span class='ocr_line' id='line_1_13' title="bbox 324 1461 2244 1538; baseline 0 -21"><span class='ocrx_word' id='word_1_94' title='bbox 324 1466 634 1519; x_wconf 79' lang='lat' dir='ltr'>constitutus</span> <span class='ocrx_word' id='word_1_95' title='bbox 667 1466 952 1538; x_wconf 77' lang='lat' dir='ltr'>interpres.</span> <span class='ocrx_word' id='word_1_96' title='bbox 987 1463 1049 1517; x_wconf 89' lang='lat' dir='ltr'>Et</span> <span class='ocrx_word' id='word_1_97' title='bbox 1079 1462 1248 1537; x_wconf 87' lang='lat' dir='ltr'>paulo</span> <span class='ocrx_word' id='word_1_98' title='bbox 1267 1470 1391 1536; x_wconf 88' lang='lat' dir='ltr'>post</span> <span class='ocrx_word' id='word_1_99' title='bbox 1424 1463 1814 1534; x_wconf 83' lang='lat' dir='ltr'>subjungunt:</span> <span class='ocrx_word' id='word_1_100' title='bbox 1852 1461 2051 1529; x_wconf 79' lang='lat' dir='ltr'>Quibus</span> <span class='ocrx_word' id='word_1_101' title='bbox 2073 1462 2244 1536; x_wconf 75' lang='lat' dir='ltr'>(Epis-</span> 
     </span>
     <span class='ocr_line' id='line_1_14' title="bbox 321 1561 2247 1638; baseline 0.001 -22"><span class='ocrx_word' id='word_1_102' title='bbox 321 1561 476 1638; x_wconf 90' lang='lat' dir='ltr'>copis</span> <span class='ocrx_word' id='word_1_103' title='bbox 499 1561 557 1617; x_wconf 90' lang='lat' dir='ltr'>in</span> <span class='ocrx_word' id='word_1_104' title='bbox 586 1561 824 1617; x_wconf 92' lang='lat' dir='ltr'>concilio</span> <span class='ocrx_word' id='word_1_105' title='bbox 858 1562 1232 1634; x_wconf 82' lang='lat' dir='ltr'>congregatis)</span> <span class='ocrx_word' id='word_1_106' title='bbox 1256 1568 1323 1616; x_wconf 76' lang='lat' dir='ltr'>tu</span> <span class='ocrx_word' id='word_1_107' title='bbox 1357 1562 1587 1633; x_wconf 77' lang='lat' dir='ltr'>quidem,</span> <span class='ocrx_word' id='word_1_108' title='bbox 1626 1563 1761 1616; x_wconf 78' lang='lat' dir='ltr'>sieut</span> <span class='ocrx_word' id='word_1_109' title='bbox 1795 1562 2041 1617; x_wconf 77' lang='lat' dir='ltr'>membris</span> <span class='ocrx_word' id='word_1_110' title='bbox 2071 1572 2247 1635; x_wconf 73' lang='lat' dir='ltr'>caput,</span> 
     </span>
     <span class='ocr_line' id='line_1_15' title="bbox 317 1660 2250 1735; baseline 0.001 -18"><span class='ocrx_word' id='word_1_111' title='bbox 317 1680 582 1735; x_wconf 64' lang='lat' dir='ltr'>praeeras,</span> <span class='ocrx_word' id='word_1_112' title='bbox 614 1664 670 1717; x_wconf 79' lang='lat' dir='ltr'>in</span> <span class='ocrx_word' id='word_1_113' title='bbox 697 1663 777 1717; x_wconf 81' lang='lat' dir='ltr'>his</span> <span class='ocrx_word' id='word_1_114' title='bbox 806 1664 894 1735; x_wconf 77' lang='lat' dir='ltr'>qui</span> <span class='ocrx_word' id='word_1_115' title='bbox 928 1670 1044 1717; x_wconf 81' lang='lat' dir='ltr'>tuas</span> <span class='ocrx_word' id='word_1_116' title='bbox 1064 1663 1200 1717; x_wconf 81' lang='lat' dir='ltr'>vices</span> <span class='ocrx_word' id='word_1_117' title='bbox 1231 1662 1513 1733; x_wconf 74' lang='lat' dir='ltr'>yerebant:</span> <span class='ocrx_word' id='word_1_118' title='bbox 1542 1660 1627 1727; x_wconf 80' lang='grc' dir='ltr'>Ὡς</span> <span class='ocrx_word' id='word_1_119' title='bbox 1650 1667 1840 1734; x_wconf 69' lang='grc' dir='ltr'>κεφαλὴ</span> <span class='ocrx_word' id='word_1_120' title='bbox 1865 1667 2048 1732; x_wconf 76' lang='grc' dir='ltr'>μελῶν,</span> <span class='ocrx_word' id='word_1_121' title='bbox 2070 1668 2250 1734; x_wconf 74' lang='grc' dir='ltr'>ἡγεμό-</span> 
     </span>
     <span class='ocr_line' id='line_1_16' title="bbox 322 1759 2245 1833; baseline -0.001 -17"><span class='ocrx_word' id='word_1_122' title='bbox 322 1784 454 1826; x_wconf 75' lang='grc' dir='ltr'>νευες</span> <span class='ocrx_word' id='word_1_123' title='bbox 501 1766 550 1815; x_wconf 80' lang='grc' dir='ltr'>ἐν</span> <span class='ocrx_word' id='word_1_124' title='bbox 585 1769 683 1825; x_wconf 81' lang='grc' dir='ltr'>τοῖς</span> <span class='ocrx_word' id='word_1_125' title='bbox 719 1766 803 1830; x_wconf 80' lang='grc' dir='ltr'>τὴν</span> <span class='ocrx_word' id='word_1_126' title='bbox 840 1766 924 1830; x_wconf 81' lang='grc' dir='ltr'>σὴν</span> <span class='ocrx_word' id='word_1_127' title='bbox 974 1762 1105 1826; x_wconf 80' lang='grc' dir='ltr'>τάξιν</span> <span class='ocrx_word' id='word_1_128' title='bbox 1147 1764 1367 1831; x_wconf 74' lang='grc' dir='ltr'>ἐπέχουσι</span> <span class='ocrx_word' id='word_1_129' title='bbox 1424 1759 1597 1833; x_wconf 80' lang='lat' dir='ltr'>(apud</span> <span class='ocrx_word' id='word_1_130' title='bbox 1626 1759 1828 1830; x_wconf 78' lang='lat' dir='ltr'>Lahbe‚</span> <span class='ocrx_word' id='word_1_131' title='bbox 1875 1759 2245 1815; x_wconf 76' lang='lat' dir='ltr'>Conciliorum</span> 
     </span>
     <span class='ocr_line' id='line_1_17' title="bbox 324 1858 2246 1932; baseline 0.001 -18"><span class='ocrx_word' id='word_1_132' title='bbox 324 1866 476 1915; x_wconf 91' lang='lat' dir='ltr'>tomo</span> <span class='ocrx_word' id='word_1_133' title='bbox 505 1861 586 1928; x_wconf 83' lang='lat' dir='ltr'>lv,</span> <span class='ocrx_word' id='word_1_134' title='bbox 619 1859 724 1914; x_wconf 90' lang='lat' dir='ltr'>col.</span> <span class='ocrx_word' id='word_1_135' title='bbox 763 1860 894 1928; x_wconf 78' lang='lat'>855,</span> <span class='ocrx_word' id='word_1_136' title='bbox 927 1860 1057 1916; x_wconf 89' lang='lat' dir='ltr'>edit.</span> <span class='ocrx_word' id='word_1_137' title='bbox 1090 1858 1339 1927; x_wconf 85' lang='lat' dir='ltr'>Parisiis,</span> <span class='ocrx_word' id='word_1_138' title='bbox 1370 1859 1564 1931; x_wconf 81' lang='lat'>1671).</span> <span class='ocrx_word' id='word_1_139' title='bbox 1601 1859 1725 1914; x_wconf 86' lang='lat' dir='ltr'>Jam</span> <span class='ocrx_word' id='word_1_140' title='bbox 1761 1877 1888 1914; x_wconf 86' lang='lat' dir='ltr'>vcro</span> <span class='ocrx_word' id='word_1_141' title='bbox 1927 1860 2025 1932; x_wconf 90' lang='lat' dir='ltr'>qui</span> <span class='ocrx_word' id='word_1_142' title='bbox 2080 1878 2246 1932; x_wconf 83' lang='lat' dir='ltr'>agno-</span> 
     </span>
     <span class='ocr_line' id='line_1_18' title="bbox 326 1957 2248 2030; baseline 0.001 -16"><span class='ocrx_word' id='word_1_143' title='bbox 326 1964 492 2014; x_wconf 82' lang='lat' dir='ltr'>scunt</span> <span class='ocrx_word' id='word_1_144' title='bbox 510 1958 827 2013; x_wconf 87' lang='lat' dir='ltr'>Romanum</span> <span class='ocrx_word' id='word_1_145' title='bbox 851 1957 1175 2014; x_wconf 86' lang='lat' dir='ltr'>Pontificem</span> <span class='ocrx_word' id='word_1_146' title='bbox 1203 1964 1476 2030; x_wconf 88' lang='lat' dir='ltr'>tanquam</span> <span class='ocrx_word' id='word_1_147' title='bbox 1501 1959 1836 2013; x_wconf 78' lang='lat' dir='ltr'>constitutum</span> <span class='ocrx_word' id='word_1_148' title='bbox 1858 1959 2091 2014; x_wconf 78' lang='lat' dir='ltr'>omnibus</span> <span class='ocrx_word' id='word_1_149' title='bbox 2107 1963 2248 2016; x_wconf 79' lang='lat' dir='ltr'>vocis</span> 
     </span>
     <span class='ocr_line' id='line_1_19' title="bbox 325 2057 2245 2134; baseline -0.001 -20"><span class='ocrx_word' id='word_1_150' title='bbox 325 2059 475 2115; x_wconf 78' lang='lat' dir='ltr'>Petri</span> <span class='ocrx_word' id='word_1_151' title='bbox 518 2061 863 2131; x_wconf 77' lang='lat' dir='ltr'>interpretem</span> <span class='ocrx_word' id='word_1_152' title='bbox 907 2059 1094 2132; x_wconf 89' lang='lat' dir='ltr'>quoad</span> <span class='ocrx_word' id='word_1_153' title='bbox 1130 2057 1550 2134; x_wconf 60' lang='lat' dir='ltr'>praedicandam</span> <span class='ocrx_word' id='word_1_154' title='bbox 1589 2075 1778 2113; x_wconf 75' lang='lat' dir='ltr'>veram</span> <span class='ocrx_word' id='word_1_155' title='bbox 1813 2057 2151 2128; x_wconf 84' lang='lat' dir='ltr'>doctrinam,</span> <span class='ocrx_word' id='word_1_156' title='bbox 2194 2063 2245 2113; x_wconf 91' lang='lat' dir='ltr'>ct</span> 
     </span>
     <span class='ocr_line' id='line_1_20' title="bbox 330 2155 2244 2232; baseline -0.001 -19"><span class='ocrx_word' id='word_1_157' title='bbox 330 2164 603 2230; x_wconf 86' lang='lat' dir='ltr'>tanquam</span> <span class='ocrx_word' id='word_1_158' title='bbox 632 2164 789 2230; x_wconf 79' lang='lat' dir='ltr'>eaput</span> <span class='ocrx_word' id='word_1_159' title='bbox 815 2157 1029 2214; x_wconf 87' lang='lat' dir='ltr'>caeteris</span> <span class='ocrx_word' id='word_1_160' title='bbox 1051 2157 1342 2232; x_wconf 86' lang='lat' dir='ltr'>Episcopis</span> <span class='ocrx_word' id='word_1_161' title='bbox 1363 2157 1690 2231; x_wconf 77' lang='lat' dir='ltr'>praesidens,</span> <span class='ocrx_word' id='word_1_162' title='bbox 1725 2155 1817 2211; x_wconf 90' lang='lat' dir='ltr'>cui</span> <span class='ocrx_word' id='word_1_163' title='bbox 1844 2156 1952 2231; x_wconf 90' lang='lat' dir='ltr'>ipsi</span> <span class='ocrx_word' id='word_1_164' title='bbox 1972 2161 2244 2229; x_wconf 88' lang='lat' dir='ltr'>tanquam</span> 
     </span>
     <span class='ocr_line' id='line_1_21' title="bbox 327 2256 2246 2331; baseline -0.001 -19"><span class='ocrx_word' id='word_1_165' title='bbox 327 2259 564 2313; x_wconf 86' lang='lat' dir='ltr'>membra</span> <span class='ocrx_word' id='word_1_166' title='bbox 596 2256 946 2330; x_wconf 82' lang='lat' dir='ltr'>subjaceant,</span> <span class='ocrx_word' id='word_1_167' title='bbox 978 2258 1080 2313; x_wconf 91' lang='lat' dir='ltr'>hoc</span> <span class='ocrx_word' id='word_1_168' title='bbox 1110 2257 1231 2331; x_wconf 88' lang='lat' dir='ltr'>ipso</span> <span class='ocrx_word' id='word_1_169' title='bbox 1270 2257 1319 2313; x_wconf 86' lang='lat' dir='ltr'>ei</span> <span class='ocrx_word' id='word_1_170' title='bbox 1351 2256 1612 2312; x_wconf 83' lang='lat' dir='ltr'>tribuunt</span> <span class='ocrx_word' id='word_1_171' title='bbox 1642 2257 1951 2331; x_wconf 85' lang='lat' dir='ltr'>primatum</span> <span class='ocrx_word' id='word_1_172' title='bbox 1980 2256 2246 2330; x_wconf 88' lang='lat' dir='ltr'>jurisdic-</span> 
     </span>
     <span class='ocr_line' id='line_1_22' title="bbox 331 2356 2248 2430; baseline 0.001 -19"><span class='ocrx_word' id='word_1_173' title='bbox 331 2356 500 2413; x_wconf 90' lang='lat' dir='ltr'>tionis</span> <span class='ocrx_word' id='word_1_174' title='bbox 538 2357 597 2412; x_wconf 92' lang='lat' dir='ltr'>in</span> <span class='ocrx_word' id='word_1_175' title='bbox 641 2357 963 2413; x_wconf 79' lang='lat' dir='ltr'>universam</span> <span class='ocrx_word' id='word_1_176' title='bbox 990 2357 1313 2413; x_wconf 86' lang='lat' dir='ltr'>Ecclesiam.</span> <span class='ocrx_word' id='word_1_177' title='bbox 1345 2356 1483 2413; x_wconf 83' lang='lat' dir='ltr'>Nam</span> <span class='ocrx_word' id='word_1_178' title='bbox 1517 2357 1614 2430; x_wconf 88' lang='lat' dir='ltr'>qui</span> <span class='ocrx_word' id='word_1_179' title='bbox 1649 2363 1730 2413; x_wconf 86' lang='lat' dir='ltr'>est</span> <span class='ocrx_word' id='word_1_180' title='bbox 1779 2359 2019 2413; x_wconf 82' lang='lat' dir='ltr'>omnibus</span> <span class='ocrx_word' id='word_1_181' title='bbox 2052 2360 2248 2413; x_wconf 78' lang='lat' dir='ltr'>eonsti-</span> 
     </span>
     <span class='ocr_line' id='line_1_23' title="bbox 330 2454 2249 2530; baseline 0.001 -22"><span class='ocrx_word' id='word_1_182' title='bbox 330 2462 473 2510; x_wconf 78' lang='lat' dir='ltr'>tutus</span> <span class='ocrx_word' id='word_1_183' title='bbox 502 2454 650 2510; x_wconf 83' lang='lat' dir='ltr'>vocis</span> <span class='ocrx_word' id='word_1_184' title='bbox 679 2454 857 2510; x_wconf 85' lang='lat' dir='ltr'>sancti</span> <span class='ocrx_word' id='word_1_185' title='bbox 889 2454 1034 2511; x_wconf 82' lang='lat' dir='ltr'>Petri</span> <span class='ocrx_word' id='word_1_186' title='bbox 1061 2454 1365 2530; x_wconf 81' lang='lat' dir='ltr'>interprcS‚</span> <span class='ocrx_word' id='word_1_187' title='bbox 1387 2456 1482 2529; x_wconf 85' lang='lat' dir='ltr'>jus</span> <span class='ocrx_word' id='word_1_188' title='bbox 1511 2455 1675 2511; x_wconf 83' lang='lat' dir='ltr'>habet</span> <span class='ocrx_word' id='word_1_189' title='bbox 1705 2462 1767 2511; x_wconf 89' lang='lat' dir='ltr'>ut</span> <span class='ocrx_word' id='word_1_190' title='bbox 1797 2454 1905 2529; x_wconf 91' lang='lat' dir='ltr'>ipsi</span> <span class='ocrx_word' id='word_1_191' title='bbox 1936 2473 2126 2511; x_wconf 77' lang='lat' dir='ltr'>vocem</span> <span class='ocrx_word' id='word_1_192' title='bbox 2148 2473 2249 2510; x_wconf 88' lang='lat' dir='ltr'>seu</span> 
     </span>
     <span class='ocr_line' id='line_1_24' title="bbox 329 2554 2252 2629; baseline 0.001 -21"><span class='ocrx_word' id='word_1_193' title='bbox 329 2554 647 2609; x_wconf 87' lang='lat' dir='ltr'>doctrinam</span> <span class='ocrx_word' id='word_1_194' title='bbox 702 2554 847 2611; x_wconf 87' lang='lat' dir='ltr'>Petri</span> <span class='ocrx_word' id='word_1_195' title='bbox 892 2554 1288 2629; x_wconf 88' lang='lat' dir='ltr'>interpretanti</span> <span class='ocrx_word' id='word_1_196' title='bbox 1358 2573 1421 2611; x_wconf 89' lang='lat' dir='ltr'>ac</span> <span class='ocrx_word' id='word_1_197' title='bbox 1484 2554 1774 2611; x_wconf 85' lang='lat' dir='ltr'>definienti</span> <span class='ocrx_word' id='word_1_198' title='bbox 1846 2572 2040 2610; x_wconf 89' lang='lat' dir='ltr'>omnes</span> <span class='ocrx_word' id='word_1_199' title='bbox 2098 2554 2252 2610; x_wconf 85' lang='lat' dir='ltr'>obsc-</span> 
     </span>
     <span class='ocr_line' id='line_1_25' title="bbox 330 2653 2252 2730; baseline 0 -23"><span class='ocrx_word' id='word_1_200' title='bbox 330 2660 598 2726; x_wconf 85' lang='lat' dir='ltr'>quantur.</span> <span class='ocrx_word' id='word_1_201' title='bbox 633 2654 743 2711; x_wconf 92' lang='lat' dir='ltr'>Nec</span> <span class='ocrx_word' id='word_1_202' title='bbox 791 2655 1065 2711; x_wconf 78' lang='lat' dir='ltr'>vore-dici</span> <span class='ocrx_word' id='word_1_203' title='bbox 1109 2660 1297 2730; x_wconf 89' lang='lat' dir='ltr'>posset</span> <span class='ocrx_word' id='word_1_204' title='bbox 1355 2663 1511 2730; x_wconf 82' lang='lat' dir='ltr'>eaput</span> <span class='ocrx_word' id='word_1_205' title='bbox 1554 2654 1769 2711; x_wconf 82' lang='lat' dir='ltr'>caeteris</span> <span class='ocrx_word' id='word_1_206' title='bbox 1809 2653 2095 2728; x_wconf 82' lang='lat' dir='ltr'>Episcopis</span> <span class='ocrx_word' id='word_1_207' title='bbox 2134 2659 2252 2708; x_wconf 88' lang='lat' dir='ltr'>tan-</span> 
     </span>
     <span class='ocr_line' id='line_1_26' title="bbox 331 2752 2253 2829; baseline 0 -23"><span class='ocrx_word' id='word_1_208' title='bbox 331 2771 504 2825; x_wconf 89' lang='lat' dir='ltr'>quam</span> <span class='ocrx_word' id='word_1_209' title='bbox 545 2755 796 2810; x_wconf 77' lang='lat' dir='ltr'>membris</span> <span class='ocrx_word' id='word_1_210' title='bbox 841 2755 1175 2829; x_wconf 85' lang='lat' dir='ltr'>praesidens‚</span> <span class='ocrx_word' id='word_1_211' title='bbox 1235 2755 1282 2811; x_wconf 93' lang='lat' dir='ltr'>si</span> <span class='ocrx_word' id='word_1_212' title='bbox 1323 2755 1555 2811; x_wconf 85' lang='lat' dir='ltr'>haberet</span> <span class='ocrx_word' id='word_1_213' title='bbox 1599 2772 1820 2810; x_wconf 90' lang='lat' dir='ltr'>merum</span> <span class='ocrx_word' id='word_1_214' title='bbox 1871 2752 2100 2808; x_wconf 89' lang='lat' dir='ltr'>honoris</span> <span class='ocrx_word' id='word_1_215' title='bbox 2146 2752 2253 2826; x_wconf 88' lang='lat' dir='ltr'>pri-</span> 
     </span>
     <span class='ocr_line' id='line_1_27' title="bbox 335 2852 2250 2929; baseline 0.001 -24"><span class='ocrx_word' id='word_1_216' title='bbox 335 2856 572 2906; x_wconf 88' lang='lat' dir='ltr'>matum.</span> <span class='ocrx_word' id='word_1_217' title='bbox 631 2852 709 2906; x_wconf 88' lang='lat' dir='ltr'>Ad</span> <span class='ocrx_word' id='word_1_218' title='bbox 761 2860 930 2927; x_wconf 87' lang='lat' dir='ltr'>caput</span> <span class='ocrx_word' id='word_1_219' title='bbox 988 2854 1138 2910; x_wconf 84' lang='lat' dir='ltr'>onim</span> <span class='ocrx_word' id='word_1_220' title='bbox 1197 2855 1467 2929; x_wconf 61' lang='lat' dir='ltr'>pertinetJ</span> <span class='ocrx_word' id='word_1_221' title='bbox 1500 2873 1612 2909; x_wconf 93' lang='lat' dir='ltr'>non</span> <span class='ocrx_word' id='word_1_222' title='bbox 1658 2860 1884 2909; x_wconf 90' lang='lat' dir='ltr'>tantum</span> <span class='ocrx_word' id='word_1_223' title='bbox 1926 2858 1990 2909; x_wconf 92' lang='lat' dir='ltr'>ut</span> <span class='ocrx_word' id='word_1_224' title='bbox 2037 2852 2250 2908; x_wconf 85' lang='lat' dir='ltr'>caeteris</span> 
     </span>
     <span class='ocr_line' id='line_1_28' title="bbox 333 2947 2249 3026; baseline 0 -20"><span class='ocrx_word' id='word_1_225' title='bbox 333 2947 605 3006; x_wconf 87' lang='lat' dir='ltr'>membris</span> <span class='ocrx_word' id='word_1_226' title='bbox 648 2950 1089 3023; x_wconf 80' lang='lat' dir='ltr'>superemineat,</span> <span class='ocrx_word' id='word_1_227' title='bbox 1142 2953 1239 3007; x_wconf 92' lang='lat' dir='ltr'>sed</span> <span class='ocrx_word' id='word_1_228' title='bbox 1277 2953 1444 3008; x_wconf 87' lang='lat' dir='ltr'>etiam</span> <span class='ocrx_word' id='word_1_229' title='bbox 1505 2971 1566 3007; x_wconf 89' lang='lat' dir='ltr'>ac</span> <span class='ocrx_word' id='word_1_230' title='bbox 1622 2953 1985 3026; x_wconf 90' lang='lat' dir='ltr'>potissimum</span> <span class='ocrx_word' id='word_1_231' title='bbox 2027 2956 2088 3005; x_wconf 91' lang='lat' dir='ltr'>ut</span> <span class='ocrx_word' id='word_1_232' title='bbox 2132 2951 2249 3025; x_wconf 76' lang='lat' dir='ltr'>ipsa</span> 
     </span>
     <span class='ocr_line' id='line_1_29' title="bbox 329 3057 502 3123; baseline 0.006 -19"><span class='ocrx_word' id='word_1_233' title='bbox 329 3057 502 3123; x_wconf 78' lang='lat' dir='ltr'>reyat.</span> 
     </span>
    </p>

    <p class='ocr_par' dir='ltr' id='par_1_4' title="bbox 334 3149 2253 3806">
     <span class='ocr_line' id='line_1_30' title="bbox 409 3149 2253 3226; baseline 0.003 -22"><span class='ocrx_word' id='word_1_234' title='bbox 409 3150 472 3206; x_wconf 92' lang='lat' dir='ltr'>In</span> <span class='ocrx_word' id='word_1_235' title='bbox 503 3150 695 3207; x_wconf 90' lang='lat' dir='ltr'>eadem</span> <span class='ocrx_word' id='word_1_236' title='bbox 730 3150 1003 3207; x_wconf 89' lang='lat' dir='ltr'>relatione</span> <span class='ocrx_word' id='word_1_237' title='bbox 1040 3151 1402 3226; x_wconf 89' lang='lat' dir='ltr'>postularunt</span> <span class='ocrx_word' id='word_1_238' title='bbox 1431 3150 1622 3207; x_wconf 87' lang='lat' dir='ltr'>Patres</span> <span class='ocrx_word' id='word_1_239' title='bbox 1657 3149 1980 3207; x_wconf 88' lang='lat' dir='ltr'>confirmari</span> <span class='ocrx_word' id='word_1_240' title='bbox 2019 3169 2048 3206; x_wconf 90' lang='lat' dir='ltr'>a</span> <span class='ocrx_word' id='word_1_241' title='bbox 2076 3151 2253 3211; x_wconf 87' lang='lat' dir='ltr'>Leone</span> 
     </span>
     <span class='ocr_line' id='line_1_31' title="bbox 334 3250 2251 3324; baseline 0.001 -18"><span class='ocrx_word' id='word_1_242' title='bbox 334 3250 485 3324; x_wconf 88' lang='lat' dir='ltr'>quod</span> <span class='ocrx_word' id='word_1_243' title='bbox 533 3250 934 3307; x_wconf 81' lang='lat' dir='ltr'>decreverant:</span> <span class='ocrx_word' id='word_1_244' title='bbox 983 3250 1248 3322; x_wconf 74' lang='lat' dir='ltr'>Royamus</span> <span class='ocrx_word' id='word_1_245' title='bbox 1299 3252 1483 3324; x_wconf 67' lang='grc' dir='ltr'>ἐρίων,</span> <span class='ocrx_word' id='word_1_246' title='bbox 1525 3258 1575 3306; x_wconf 84' lang='lat' dir='ltr'>et</span> <span class='ocrx_word' id='word_1_247' title='bbox 1612 3252 1714 3307; x_wconf 80' lang='lat' dir='ltr'>tuis</span> <span class='ocrx_word' id='word_1_248' title='bbox 1758 3251 1984 3307; x_wconf 79' lang='lat' dir='ltr'>decretis</span> <span class='ocrx_word' id='word_1_249' title='bbox 2018 3260 2251 3308; x_wconf 78' lang='lat' dir='ltr'>nostrum</span> 
     </span>
     <span class='ocr_line' id='line_1_32' title="bbox 335 3347 2253 3425; baseline 0.001 -21"><span class='ocrx_word' id='word_1_250' title='bbox 335 3351 534 3407; x_wconf 76' lang='lat' dir='ltr'>honora</span> <span class='ocrx_word' id='word_1_251' title='bbox 553 3347 807 3425; x_wconf 70' lang='lat' dir='ltr'>judicium</span> <span class='ocrx_word' id='word_1_252' title='bbox 817 3372 833 3414; x_wconf 91' lang='lat'>,·</span> <span class='ocrx_word' id='word_1_253' title='bbox 857 3361 903 3407; x_wconf 84' lang='lat' dir='ltr'>et</span> <span class='ocrx_word' id='word_1_254' title='bbox 930 3353 1065 3410; x_wconf 77' lang='lat' dir='ltr'>sicut</span> <span class='ocrx_word' id='word_1_255' title='bbox 1087 3369 1186 3406; x_wconf 79' lang='lat' dir='ltr'>nos</span> <span class='ocrx_word' id='word_1_256' title='bbox 1207 3352 1368 3424; x_wconf 77' lang='lat' dir='ltr'>capiti</span> <span class='ocrx_word' id='word_1_257' title='bbox 1397 3352 1454 3406; x_wconf 81' lang='lat' dir='ltr'>iu</span> <span class='ocrx_word' id='word_1_258' title='bbox 1481 3351 1629 3406; x_wconf 82' lang='lat' dir='ltr'>bonis</span> <span class='ocrx_word' id='word_1_259' title='bbox 1657 3351 1936 3423; x_wconf 78' lang='lat' dir='ltr'>adjecimus</span> <span class='ocrx_word' id='word_1_260' title='bbox 1963 3368 2253 3406; x_wconf 79' lang='lat' dir='ltr'>consonan-</span> 
     </span>
     <span class='ocr_line' id='line_1_33' title="bbox 336 3449 2250 3524; baseline 0.001 -21"><span class='ocrx_word' id='word_1_261' title='bbox 336 3452 489 3522; x_wconf 80' lang='lat' dir='ltr'>tiam,</span> <span class='ocrx_word' id='word_1_262' title='bbox 521 3451 598 3506; x_wconf 82' lang='lat' dir='ltr'>sie</span> <span class='ocrx_word' id='word_1_263' title='bbox 627 3458 678 3507; x_wconf 79' lang='lat' dir='ltr'>et</span> <span class='ocrx_word' id='word_1_264' title='bbox 703 3452 977 3507; x_wconf 80' lang='lat' dir='ltr'>summitas</span> <span class='ocrx_word' id='word_1_265' title='bbox 1019 3458 1109 3506; x_wconf 86' lang='lat' dir='ltr'>tua</span> <span class='ocrx_word' id='word_1_266' title='bbox 1135 3451 1262 3524; x_wconf 77' lang='lat' dir='ltr'>filiis</span> <span class='ocrx_word' id='word_1_267' title='bbox 1298 3451 1433 3524; x_wconf 84' lang='lat' dir='ltr'>quod</span> <span class='ocrx_word' id='word_1_268' title='bbox 1459 3451 1603 3507; x_wconf 80' lang='lat' dir='ltr'>decet</span> <span class='ocrx_word' id='word_1_269' title='bbox 1630 3450 1942 3524; x_wconf 80' lang='lat' dir='ltr'>adimpleat.</span> <span class='ocrx_word' id='word_1_270' title='bbox 1974 3449 2038 3502; x_wconf 89' lang='lat' dir='ltr'>Et</span> <span class='ocrx_word' id='word_1_271' title='bbox 2081 3449 2250 3522; x_wconf 91' lang='lat' dir='ltr'>paulo</span> 
     </span>
     <span class='ocr_line' id='line_1_34' title="bbox 338 3549 2247 3624; baseline 0.002 -24"><span class='ocrx_word' id='word_1_272' title='bbox 338 3553 459 3618; x_wconf 87' lang='lat' dir='ltr'>post</span> <span class='ocrx_word' id='word_1_273' title='bbox 492 3549 706 3605; x_wconf 90' lang='lat' dir='ltr'>addunt</span> <span class='ocrx_word' id='word_1_274' title='bbox 734 3570 744 3602; x_wconf 74' lang='grc' dir='ltr'>ε</span> <span class='ocrx_word' id='word_1_275' title='bbox 782 3550 864 3605; x_wconf 80' lang='lat' dir='ltr'>Acl</span> <span class='ocrx_word' id='word_1_276' title='bbox 891 3568 1070 3607; x_wconf 82' lang='lat' dir='ltr'>eorum</span> <span class='ocrx_word' id='word_1_277' title='bbox 1095 3568 1212 3623; x_wconf 80' lang='lat' dir='ltr'>quae</span> <span class='ocrx_word' id='word_1_278' title='bbox 1233 3552 1432 3607; x_wconf 80' lang='lat' dir='ltr'>anobis</span> <span class='ocrx_word' id='word_1_279' title='bbox 1466 3557 1612 3624; x_wconf 75' lang='lat' dir='ltr'>qesta</span> <span class='ocrx_word' id='word_1_280' title='bbox 1644 3555 1766 3606; x_wconf 82' lang='lat' dir='ltr'>sunt</span> <span class='ocrx_word' id='word_1_281' title='bbox 1794 3549 2247 3619; x_wconf 76' lang='lat' dir='ltr'>confirmationem</span> 
     </span>
     <span class='ocr_line' id='line_1_35' title="bbox 341 3645 2243 3727; baseline 0.002 -28"><span class='ocrx_word' id='word_1_282' title='bbox 341 3645 619 3718; x_wconf 72' lang='grc' dir='ltr'>(ὅεὸαιωσιν)</span> <span class='ocrx_word' id='word_1_283' title='bbox 661 3655 711 3705; x_wconf 90' lang='lat' dir='ltr'>et</span> <span class='ocrx_word' id='word_1_284' title='bbox 755 3652 1183 3708; x_wconf 88' lang='lat' dir='ltr'>consensionem</span> <span class='ocrx_word' id='word_1_285' title='bbox 1231 3651 1629 3727; x_wconf 70' lang='grc' dir='ltr'>(συγκαταθεσιν).</span> <span class='ocrx_word' id='word_1_286' title='bbox 1671 3647 2076 3704; x_wconf 85' lang='lat' dir='ltr'>Existimabant</span> <span class='ocrx_word' id='word_1_287' title='bbox 2115 3660 2243 3723; x_wconf 86' lang='lat' dir='ltr'>pro-</span> 
     </span>
     <span class='ocr_line' id='line_1_36' title="bbox 339 3739 2244 3806; baseline 0.003 -11"><span class='ocrx_word' id='word_1_288' title='bbox 339 3741 469 3797; x_wconf 89' lang='lat' dir='ltr'>inde</span> <span class='ocrx_word' id='word_1_289' title='bbox 495 3750 760 3803; x_wconf 86' lang='lat' dir='ltr'>nutatura</span> <span class='ocrx_word' id='word_1_290' title='bbox 790 3768 893 3805; x_wconf 83' lang='lat' dir='ltr'>sua</span> <span class='ocrx_word' id='word_1_291' title='bbox 915 3750 1135 3805; x_wconf 88' lang='lat' dir='ltr'>decreta</span> <span class='ocrx_word' id='word_1_292' title='bbox 1172 3750 1282 3805; x_wconf 87' lang='lat' dir='ltr'>nisi</span> <span class='ocrx_word' id='word_1_293' title='bbox 1319 3768 1347 3804; x_wconf 87' lang='lat' dir='ltr'>a</span> <span class='ocrx_word' id='word_1_294' title='bbox 1375 3739 1624 3806; x_wconf 79' lang='lat' dir='ltr'>Romano</span> <span class='ocrx_word' id='word_1_295' title='bbox 1659 3745 1924 3803; x_wconf 84' lang='lat' dir='ltr'>Pontiflcc</span> <span class='ocrx_word' id='word_1_296' title='bbox 1949 3746 2244 3802; x_wconf 82' lang='lat' dir='ltr'>confirma—</span> 
     </span>
    </p>
   </div>
  </div>
 </body>
</html>
