<?xml version="1.0" encoding="UTF-8"?>
<!DOCTYPE html PUBLIC "-//W3C//DTD XHTML 1.0 Transitional//EN"
    "http://www.w3.org/TR/xhtml1/DTD/xhtml1-transitional.dtd">
<html xmlns="http://www.w3.org/1999/xhtml" xml:lang="en" lang="en">
 <head>
  <title>
</title>
<meta http-equiv="Content-Type" content="text/html;charset=utf-8" />
  <meta name='ocr-system' content='tesseract 3.04.00' />
  <meta name='ocr-capabilities' content='ocr_page ocr_carea ocr_par ocr_line ocrx_word'/>
</head>
<body>
  <div class='ocr_page' id='page_1' title='image "a548470101bouiuoft_0107.png"; bbox 0 0 2372 4108; ppageno 0'>
   <div class='ocr_carea' id='block_1_1' title="bbox 8 257 2029 1804">
    <p class='ocr_par' dir='ltr' id='par_1_1' title="bbox 8 257 2029 1804">
     <span class='ocr_line' id='line_1_1' title="bbox 905 257 2019 308; baseline -0.001 -2"><span class='ocrx_word' id='word_1_1' title='bbox 905 258 1036 308; x_wconf 70' lang='lat' dir='ltr'>PARS</span> <span class='ocrx_word' id='word_1_2' title='bbox 1061 259 1234 308; x_wconf 73' lang='lat' dir='ltr'>mn.</span> <span class='ocrx_word' id='word_1_3' title='bbox 1955 257 2019 306; x_wconf 70' lang='lat'>⁹⁶1</span> 
     </span>
     <span class='ocr_line' id='line_1_2' title="bbox 8 362 2022 440; baseline -0.001 -18"><span class='ocrx_word' id='word_1_4' title='bbox 8 391 10 394; x_wconf 95' lang='lat'>·</span> <span class='ocrx_word' id='word_1_5' title='bbox 125 362 769 436; x_wconf 54' lang='lat' dir='ltr'>mutuaquam</span> <span class='ocrx_word' id='word_1_6' title='bbox 798 362 2022 440; x_wconf 66' lang='lat' dir='ltr'>apudmmmenajmispodaisninine</span> 
     </span>
     <span class='ocr_line' id='line_1_3' title="bbox 127 459 2015 542; baseline -0.001 -23"><span class='ocrx_word' id='word_1_7' title='bbox 127 461 444 531; x_wconf 66' lang='lat' dir='ltr'>fflms,</span> <span class='ocrx_word' id='word_1_8' title='bbox 463 459 740 518; x_wconf 89' lang='lat' dir='ltr'>abeodem</span> <span class='ocrx_word' id='word_1_9' title='bbox 756 459 1453 542; x_wconf 72' lang='lat' dir='ltr'>ipsooeseanathematum</span> <span class='ocrx_word' id='word_1_10' title='bbox 1468 468 1640 537; x_wconf 79' lang='lat' dir='ltr'>atque</span> <span class='ocrx_word' id='word_1_11' title='bbox 1654 461 2015 532; x_wconf 76' lang='lat' dir='ltr'>damnatum,</span> 
     </span>
     <span class='ocr_line' id='line_1_4' title="bbox 129 541 2021 636; baseline 0.001 -21"><span class='ocrx_word' id='word_1_12' title='bbox 129 577 244 616; x_wconf 91' lang='lat' dir='ltr'>non</span> <span class='ocrx_word' id='word_1_13' title='bbox 268 577 364 616; x_wconf 90' lang='lat' dir='ltr'>eos</span> <span class='ocrx_word' id='word_1_14' title='bbox 385 559 630 616; x_wconf 85' lang='lat' dir='ltr'>ulterius</span> <span class='ocrx_word' id='word_1_15' title='bbox 643 558 1037 617; x_wconf 77' lang='lat' dir='ltr'>existimamus</span> <span class='ocrx_word' id='word_1_16' title='bbox 1052 577 1363 616; x_wconf 78' lang='lat' dir='ltr'>ausuros...</span> <span class='ocrx_word' id='word_1_17' title='bbox 1385 541 1611 636; x_wconf 68' lang='lat' dir='ltr'>pectora</span> <span class='ocrx_word' id='word_1_18' title='bbox 1625 560 1815 619; x_wconf 73' lang='lat' dir='ltr'>fidelia</span> <span class='ocrx_word' id='word_1_19' title='bbox 1824 560 2021 618; x_wconf 83' lang='lat' dir='ltr'>etsim-</span> 
     </span>
     <span class='ocr_line' id='line_1_5' title="bbox 11 656 2022 746; baseline 0.004 -39"><span class='ocrx_word' id='word_1_20' title='bbox 11 700 29 707; x_wconf 89' lang='lat'>-</span> <span class='ocrx_word' id='word_1_21' title='bbox 130 657 350 732; x_wconf 79' lang='lat' dir='ltr'>pliciter</span> <span class='ocrx_word' id='word_1_22' title='bbox 379 657 692 715; x_wconf 81' lang='lat' dir='ltr'>Christiana</span> <span class='ocrx_word' id='word_1_23' title='bbox 712 656 947 715; x_wconf 77' lang='lat' dir='ltr'>turbare</span> <span class='ocrx_word' id='word_1_24' title='bbox 963 678 995 709; x_wconf 73' lang='grc' dir='ltr'>ι</span> <span class='ocrx_word' id='word_1_25' title='bbox 1020 656 1212 730; x_wconf 79' lang='lat' dir='ltr'>(ibid.,</span> <span class='ocrx_word' id='word_1_26' title='bbox 1232 658 1340 714; x_wconf 90' lang='lat' dir='ltr'>col.</span> <span class='ocrx_word' id='word_1_27' title='bbox 1369 659 1530 746; x_wconf 51' lang='lat'><strong>384).</strong></span> <span class='ocrx_word' id='word_1_28' title='bbox 1575 659 1754 733; x_wconf 78' lang='lat' dir='ltr'><strong>Igitur</strong></span> <span class='ocrx_word' id='word_1_29' title='bbox 1782 665 2022 735; x_wconf 84' lang='lat' dir='ltr'>poscunt</span> 
     </span>
     <span class='ocr_line' id='line_1_6' title="bbox 127 755 2024 830; baseline 0.001 -17"><span class='ocrx_word' id='word_1_30' title='bbox 127 756 374 814; x_wconf 78' lang='lat' dir='ltr'>Africani</span> <span class='ocrx_word' id='word_1_31' title='bbox 399 757 588 815; x_wconf 74' lang='lat' dir='ltr'>Patres</span> <span class='ocrx_word' id='word_1_32' title='bbox 615 764 683 815; x_wconf 85' lang='lat' dir='ltr'>ut</span> <span class='ocrx_word' id='word_1_33' title='bbox 711 755 858 813; x_wconf 83' lang='lat' dir='ltr'>liber</span> <span class='ocrx_word' id='word_1_34' title='bbox 875 755 1104 828; x_wconf 85' lang='lat' dir='ltr'>Pelagii,</span> <span class='ocrx_word' id='word_1_35' title='bbox 1130 757 1388 830; x_wconf 74' lang='lat' dir='ltr'>quamvis</span> <span class='ocrx_word' id='word_1_36' title='bbox 1405 758 1526 830; x_wconf 85' lang='lat' dir='ltr'>jam</span> <span class='ocrx_word' id='word_1_37' title='bbox 1558 758 1806 814; x_wconf 87' lang='lat' dir='ltr'>duorum</span> <span class='ocrx_word' id='word_1_38' title='bbox 1839 758 2024 815; x_wconf 85' lang='lat' dir='ltr'>conci-</span> 
     </span>
     <span class='ocr_line' id='line_1_7' title="bbox 128 853 2024 932; baseline 0.002 -22"><span class='ocrx_word' id='word_1_39' title='bbox 128 853 336 911; x_wconf 90' lang='lat' dir='ltr'>liorum</span> <span class='ocrx_word' id='word_1_40' title='bbox 358 855 691 912; x_wconf 72' lang='lat' dir='ltr'>auctoritate</span> <span class='ocrx_word' id='word_1_41' title='bbox 710 854 1033 927; x_wconf 63' lang='lat' dir='ltr'>dammum,</span> <span class='ocrx_word' id='word_1_42' title='bbox 1050 855 1287 912; x_wconf 81' lang='lat' dir='ltr'>Romani</span> <span class='ocrx_word' id='word_1_43' title='bbox 1304 857 1541 931; x_wconf 88' lang='lat' dir='ltr'>insuper</span> <span class='ocrx_word' id='word_1_44' title='bbox 1555 856 1811 932; x_wconf 75' lang='lat' dir='ltr'><strong>Episcopi</strong></span> <span class='ocrx_word' id='word_1_45' title='bbox 1829 863 2024 914; x_wconf 84' lang='lat' dir='ltr'>aucto·</span> 
     </span>
     <span class='ocr_line' id='line_1_8' title="bbox 129 950 2025 1027; baseline 0 -20"><span class='ocrx_word' id='word_1_46' title='bbox 129 950 295 1010; x_wconf 86' lang='lat' dir='ltr'>ritate</span> <span class='ocrx_word' id='word_1_47' title='bbox 306 951 627 1010; x_wconf 85' lang='lat' dir='ltr'>damnetur.</span> <span class='ocrx_word' id='word_1_48' title='bbox 641 951 836 1008; x_wconf 88' lang='lat' dir='ltr'>Sciunt</span> <span class='ocrx_word' id='word_1_49' title='bbox 859 969 1063 1027; x_wconf 82' lang='lat' dir='ltr'>nempe</span> <span class='ocrx_word' id='word_1_50' title='bbox 1077 953 1469 1010; x_wconf 86' lang='lat' dir='ltr'>auctoritatem</span> <span class='ocrx_word' id='word_1_51' title='bbox 1489 953 1726 1009; x_wconf 82' lang='lat' dir='ltr'>Romani</span> <span class='ocrx_word' id='word_1_52' title='bbox 1741 952 2025 1009; x_wconf 85' lang='lat' dir='ltr'>Pontificis</span> 
     </span>
     <span class='ocr_line' id='line_1_9' title="bbox 130 1051 2026 1128; baseline 0 -20"><span class='ocrx_word' id='word_1_53' title='bbox 130 1051 281 1128; x_wconf 90' lang='lat' dir='ltr'>apud</span> <span class='ocrx_word' id='word_1_54' title='bbox 313 1052 593 1126; x_wconf 84' lang='lat' dir='ltr'>Pelagium</span> <span class='ocrx_word' id='word_1_55' title='bbox 622 1054 843 1124; x_wconf 73' lang='lat' dir='ltr'>majoris</span> <span class='ocrx_word' id='word_1_56' title='bbox 876 1069 994 1108; x_wconf 71' lang='lat' dir='ltr'>esse</span> <span class='ocrx_word' id='word_1_57' title='bbox 1023 1052 1279 1126; x_wconf 72' lang='lat' dir='ltr'>ponda-is</span> <span class='ocrx_word' id='word_1_58' title='bbox 1301 1071 1476 1126; x_wconf 90' lang='lat' dir='ltr'>quam</span> <span class='ocrx_word' id='word_1_59' title='bbox 1514 1052 1759 1128; x_wconf 90' lang='lat' dir='ltr'>duplicis</span> <span class='ocrx_word' id='word_1_60' title='bbox 1791 1052 2026 1109; x_wconf 77' lang='lat' dir='ltr'>concilii</span> 
     </span>
     <span class='ocr_line' id='line_1_10' title="bbox 130 1139 2026 1224; baseline 0.001 -19"><span class='ocrx_word' id='word_1_61' title='bbox 130 1139 376 1207; x_wconf 75' lang='lat' dir='ltr'>Africani</span> <span class='ocrx_word' id='word_1_62' title='bbox 401 1150 731 1220; x_wconf 80' lang='lat' dir='ltr'>auctoritaS,</span> <span class='ocrx_word' id='word_1_63' title='bbox 754 1156 808 1207; x_wconf 85' lang='lat' dir='ltr'>et</span> <span class='ocrx_word' id='word_1_64' title='bbox 829 1149 901 1206; x_wconf 90' lang='lat' dir='ltr'>de</span> <span class='ocrx_word' id='word_1_65' title='bbox 922 1149 1027 1205; x_wconf 90' lang='lat' dir='ltr'>hoc</span> <span class='ocrx_word' id='word_1_66' title='bbox 1050 1151 1269 1206; x_wconf 76' lang='lat' dir='ltr'>minime</span> <span class='ocrx_word' id='word_1_67' title='bbox 1283 1151 1543 1206; x_wconf 78' lang='lat' dir='ltr'>dubitant.</span> <span class='ocrx_word' id='word_1_68' title='bbox 1568 1149 1707 1206; x_wconf 82' lang='lat' dir='ltr'>Hinc</span> <span class='ocrx_word' id='word_1_69' title='bbox 1735 1150 1877 1224; x_wconf 90' lang='lat' dir='ltr'>ipsis</span> <span class='ocrx_word' id='word_1_70' title='bbox 1898 1167 2026 1224; x_wconf 89' lang='lat' dir='ltr'>spes</span> 
     </span>
     <span class='ocr_line' id='line_1_11' title="bbox 132 1246 2020 1323; baseline 0.001 -21"><span class='ocrx_word' id='word_1_71' title='bbox 132 1246 272 1316; x_wconf 83' lang='lat' dir='ltr'>fore,</span> <span class='ocrx_word' id='word_1_72' title='bbox 299 1255 360 1304; x_wconf 92' lang='lat' dir='ltr'>ut</span> <span class='ocrx_word' id='word_1_73' title='bbox 403 1247 523 1323; x_wconf 88' lang='lat' dir='ltr'>ipse</span> <span class='ocrx_word' id='word_1_74' title='bbox 547 1247 833 1320; x_wconf 82' lang='lat' dir='ltr'>Pelagius,</span> <span class='ocrx_word' id='word_1_75' title='bbox 867 1246 1103 1302; x_wconf 88' lang='lat' dir='ltr'>Romani</span> <span class='ocrx_word' id='word_1_76' title='bbox 1128 1246 1385 1322; x_wconf 82' lang='lat' dir='ltr'>Episcopi</span> <span class='ocrx_word' id='word_1_77' title='bbox 1411 1247 1743 1304; x_wconf 89' lang='lat' dir='ltr'>anctoritate</span> <span class='ocrx_word' id='word_1_78' title='bbox 1761 1254 2020 1314; x_wconf 76' lang='lat' dir='ltr'>coactuS,</span> 
     </span>
     <span class='ocr_line' id='line_1_12' title="bbox 132 1343 2025 1419; baseline 0 -20"><span class='ocrx_word' id='word_1_79' title='bbox 132 1343 339 1419; x_wconf 86' lang='lat' dir='ltr'>scripta</span> <span class='ocrx_word' id='word_1_80' title='bbox 370 1363 472 1400; x_wconf 90' lang='lat' dir='ltr'>sua</span> <span class='ocrx_word' id='word_1_81' title='bbox 497 1344 728 1401; x_wconf 81' lang='lat' dir='ltr'>damnet</span> <span class='ocrx_word' id='word_1_82' title='bbox 747 1388 765 1414; x_wconf 89' lang='lat'>‚</span> <span class='ocrx_word' id='word_1_83' title='bbox 814 1351 869 1401; x_wconf 88' lang='lat' dir='ltr'>et</span> <span class='ocrx_word' id='word_1_84' title='bbox 897 1344 979 1400; x_wconf 90' lang='lat' dir='ltr'>sic</span> <span class='ocrx_word' id='word_1_85' title='bbox 1006 1361 1276 1417; x_wconf 80' lang='lat' dir='ltr'>sequaces</span> <span class='ocrx_word' id='word_1_86' title='bbox 1323 1344 1445 1416; x_wconf 87' lang='lat' dir='ltr'>ejus</span> <span class='ocrx_word' id='word_1_87' title='bbox 1476 1362 1508 1399; x_wconf 93' lang='lat' dir='ltr'>a</span> <span class='ocrx_word' id='word_1_88' title='bbox 1541 1343 1887 1400; x_wconf 82' lang='lat' dir='ltr'>defendenda</span> <span class='ocrx_word' id='word_1_89' title='bbox 1928 1343 2025 1399; x_wconf 88' lang='lat' dir='ltr'>illa</span> 
     </span>
     <span class='ocr_line' id='line_1_13' title="bbox 138 1441 2029 1515; baseline 0.001 -20"><span class='ocrx_word' id='word_1_90' title='bbox 138 1441 332 1498; x_wconf 70' lang='lat' dir='ltr'>haeraei</span> <span class='ocrx_word' id='word_1_91' title='bbox 354 1449 565 1498; x_wconf 86' lang='lat' dir='ltr'>cessent</span> <span class='ocrx_word' id='word_1_92' title='bbox 576 1442 767 1496; x_wconf 81' lang='lat' dir='ltr'>‚Porro</span> <span class='ocrx_word' id='word_1_93' title='bbox 783 1441 882 1513; x_wconf 91' lang='lat' dir='ltr'>qui</span> <span class='ocrx_word' id='word_1_94' title='bbox 900 1442 979 1497; x_wconf 88' lang='lat' dir='ltr'>sic.</span> <span class='ocrx_word' id='word_1_95' title='bbox 998 1441 1335 1514; x_wconf 80' lang='lat' dir='ltr'>loquuntur,</span> <span class='ocrx_word' id='word_1_96' title='bbox 1352 1442 1661 1515; x_wconf 91' lang='lat' dir='ltr'>primatum</span> <span class='ocrx_word' id='word_1_97' title='bbox 1678 1442 2029 1497; x_wconf 75' lang='lat' dir='ltr'>auctoritatis</span> 
     </span>
     <span class='ocr_line' id='line_1_14' title="bbox 141 1536 2025 1612; baseline 0 -20"><span class='ocrx_word' id='word_1_98' title='bbox 141 1554 306 1610; x_wconf 62' lang='lat' dir='ltr'>penes</span> <span class='ocrx_word' id='word_1_99' title='bbox 315 1537 625 1593; x_wconf 80' lang='lat' dir='ltr'>Romanum</span> <span class='ocrx_word' id='word_1_100' title='bbox 645 1536 961 1593; x_wconf 88' lang='lat' dir='ltr'>Pontificem</span> <span class='ocrx_word' id='word_1_101' title='bbox 980 1537 1227 1594; x_wconf 83' lang='lat' dir='ltr'>residere</span> <span class='ocrx_word' id='word_1_102' title='bbox 1242 1545 1565 1612; x_wconf 88' lang='lat' dir='ltr'>supponunt</span> <span class='ocrx_word' id='word_1_103' title='bbox 1586 1555 1648 1593; x_wconf 92' lang='lat' dir='ltr'>ac</span> <span class='ocrx_word' id='word_1_104' title='bbox 1667 1538 2025 1612; x_wconf 84' lang='lat' dir='ltr'>profitentur.</span> 
     </span>
     <span class='ocr_line' id='line_1_15' title="bbox 137 1635 2026 1709; baseline 0 -18"><span class='ocrx_word' id='word_1_105' title='bbox 137 1635 291 1700; x_wconf 87' lang='lat' dir='ltr'>Quod</span> <span class='ocrx_word' id='word_1_106' title='bbox 333 1636 500 1692; x_wconf 88' lang='lat' dir='ltr'>ctiam</span> <span class='ocrx_word' id='word_1_107' title='bbox 535 1636 824 1691; x_wconf 88' lang='lat' dir='ltr'>confirmat</span> <span class='ocrx_word' id='word_1_108' title='bbox 864 1635 1115 1708; x_wconf 84' lang='lat' dir='ltr'>ejusdem</span> <span class='ocrx_word' id='word_1_109' title='bbox 1161 1635 1409 1709; x_wconf 81' lang='lat' dir='ltr'>epistolae</span> <span class='ocrx_word' id='word_1_110' title='bbox 1447 1635 1731 1691; x_wconf 82' lang='lat' dir='ltr'>conclusio</span> <span class='ocrx_word' id='word_1_111' title='bbox 1782 1657 1795 1687; x_wconf 86' lang='lat'><strong>:</strong></span> <span class='ocrx_word' id='word_1_112' title='bbox 1851 1657 1880 1686; x_wconf 77' lang='grc' dir='ltr'>ι</span> <span class='ocrx_word' id='word_1_113' title='bbox 1907 1635 2026 1691; x_wconf 73' lang='lat' dir='ltr'>Non</span> 
     </span>
     <span class='ocr_line' id='line_1_16' title="bbox 144 1731 2028 1804; baseline 0 -16"><span class='ocrx_word' id='word_1_114' title='bbox 144 1732 293 1788; x_wconf 87' lang='lat' dir='ltr'>enim</span> <span class='ocrx_word' id='word_1_115' title='bbox 318 1732 564 1788; x_wconf 76' lang='lat' dir='ltr'>rivulum</span> <span class='ocrx_word' id='word_1_116' title='bbox 587 1738 843 1787; x_wconf 88' lang='lat' dir='ltr'>nostrum</span> <span class='ocrx_word' id='word_1_117' title='bbox 868 1737 967 1787; x_wconf 92' lang='lat' dir='ltr'>tuo</span> <span class='ocrx_word' id='word_1_118' title='bbox 993 1731 1150 1803; x_wconf 81' lang='lat' dir='ltr'>largo</span> <span class='ocrx_word' id='word_1_119' title='bbox 1188 1731 1329 1787; x_wconf 86' lang='lat' dir='ltr'>sonti</span> <span class='ocrx_word' id='word_1_120' title='bbox 1354 1732 1607 1804; x_wconf 86' lang='lat' dir='ltr'>augendo</span> <span class='ocrx_word' id='word_1_121' title='bbox 1635 1733 1994 1788; x_wconf 84' lang='lat' dir='ltr'>refundimus</span> <span class='ocrx_word' id='word_1_122' title='bbox 2010 1777 2028 1803; x_wconf 89' lang='lat'>,</span> 
     </span>
    </p>
   </div>
   <div class='ocr_carea' id='block_1_2' title="bbox 0 0 120 1067">
    <p class='ocr_par' dir='ltr' id='par_1_2' title="bbox 0 0 120 1067">
     <span class='ocr_line' id='line_1_17' title="bbox 0 0 120 1067; baseline 0 0"><span class='ocrx_word' id='word_1_123' title='bbox 0 0 120 1067; x_wconf 95' lang='lat' dir='ltr'> </span> 
     </span>
    </p>
   </div>
   <div class='ocr_carea' id='block_1_3' title="bbox 134 1827 2032 3368">
    <p class='ocr_par' dir='ltr' id='par_1_3' title="bbox 134 1827 2029 2586">
     <span class='ocr_line' id='line_1_18' title="bbox 142 1827 2026 1901; baseline 0.001 -18"><span class='ocrx_word' id='word_1_124' title='bbox 142 1827 312 1884; x_wconf 84' lang='lat' dir='ltr'>scd...</span> <span class='ocrx_word' id='word_1_125' title='bbox 341 1833 532 1894; x_wconf 72' lang='lat' dir='ltr'>utrum</span> <span class='ocrx_word' id='word_1_126' title='bbox 548 1828 717 1883; x_wconf 89' lang='lat' dir='ltr'>etiam</span> <span class='ocrx_word' id='word_1_127' title='bbox 734 1834 949 1896; x_wconf 86' lang='lat' dir='ltr'>noster,</span> <span class='ocrx_word' id='word_1_128' title='bbox 972 1827 1097 1883; x_wconf 88' lang='lat' dir='ltr'>licet</span> <span class='ocrx_word' id='word_1_129' title='bbox 1123 1827 1380 1899; x_wconf 78' lang='lat' dir='ltr'>exiguus,</span> <span class='ocrx_word' id='word_1_130' title='bbox 1405 1846 1473 1884; x_wconf 77' lang='lat' dir='ltr'>ex</span> <span class='ocrx_word' id='word_1_131' title='bbox 1494 1828 1688 1884; x_wconf 90' lang='lat' dir='ltr'>eodem</span> <span class='ocrx_word' id='word_1_132' title='bbox 1720 1847 1832 1901; x_wconf 91' lang='lat' dir='ltr'>quo</span> <span class='ocrx_word' id='word_1_133' title='bbox 1855 1829 2026 1885; x_wconf 91' lang='lat' dir='ltr'>etiam</span> 
     </span>
     <span class='ocr_line' id='line_1_19' title="bbox 139 1923 2029 1999; baseline 0.002 -20"><span class='ocrx_word' id='word_1_134' title='bbox 139 1929 274 1979; x_wconf 90' lang='lat' dir='ltr'>tuus</span> <span class='ocrx_word' id='word_1_135' title='bbox 300 1923 593 1979; x_wconf 86' lang='lat' dir='ltr'>abundans</span> <span class='ocrx_word' id='word_1_136' title='bbox 606 1932 815 1980; x_wconf 77' lang='lat' dir='ltr'>emanet</span> <span class='ocrx_word' id='word_1_137' title='bbox 830 1927 1003 1998; x_wconf 78' lang='lat' dir='ltr'>capite</span> <span class='ocrx_word' id='word_1_138' title='bbox 1026 1926 1361 1996; x_wconf 73' lang='lat' dir='ltr'>fluentorum,</span> <span class='ocrx_word' id='word_1_139' title='bbox 1381 1925 1477 1980; x_wconf 78' lang='lat' dir='ltr'>hoc</span> <span class='ocrx_word' id='word_1_140' title='bbox 1499 1945 1531 1980; x_wconf 84' lang='lat' dir='ltr'><em>a</em></span> <span class='ocrx_word' id='word_1_141' title='bbox 1561 1934 1614 1981; x_wconf 81' lang='lat' dir='ltr'>te</span> <span class='ocrx_word' id='word_1_142' title='bbox 1640 1929 1861 1999; x_wconf 81' lang='lat' dir='ltr'>probari</span> <span class='ocrx_word' id='word_1_143' title='bbox 1885 1926 2029 1982; x_wconf 76' lang='lat' dir='ltr'>rolu-</span> 
     </span>
     <span class='ocr_line' id='line_1_20' title="bbox 136 2022 2029 2099; baseline 0.003 -23"><span class='ocrx_word' id='word_1_144' title='bbox 136 2040 280 2092; x_wconf 74' lang='lat' dir='ltr'>mus,</span> <span class='ocrx_word' id='word_1_145' title='bbox 333 2022 558 2096; x_wconf 85' lang='lat' dir='ltr'>tuisque</span> <span class='ocrx_word' id='word_1_146' title='bbox 595 2022 883 2097; x_wconf 53' lang='lat' dir='ltr'>rescriptis</span> <span class='ocrx_word' id='word_1_147' title='bbox 914 2022 984 2079; x_wconf 91' lang='lat' dir='ltr'>de</span> <span class='ocrx_word' id='word_1_148' title='bbox 1025 2023 1316 2078; x_wconf 92' lang='lat' dir='ltr'>communi</span> <span class='ocrx_word' id='word_1_149' title='bbox 1367 2024 1799 2099; x_wconf 78' lang='lat' dir='ltr'>participatione</span> <span class='ocrx_word' id='word_1_150' title='bbox 1856 2026 2029 2082; x_wconf 89' lang='lat' dir='ltr'>unius</span> 
     </span>
     <span class='ocr_line' id='line_1_21' title="bbox 134 2120 2025 2199; baseline 0.002 -24"><span class='ocrx_word' id='word_1_151' title='bbox 134 2122 325 2192; x_wconf 81' lang='lat' dir='ltr'>gratiae</span> <span class='ocrx_word' id='word_1_152' title='bbox 352 2120 612 2194; x_wconf 82' lang='lat' dir='ltr'>gaudere.</span> <span class='ocrx_word' id='word_1_153' title='bbox 642 2143 671 2173; x_wconf 75' lang='grc' dir='ltr'>ι</span> <span class='ocrx_word' id='word_1_154' title='bbox 697 2122 871 2195; x_wconf 84' lang='lat' dir='ltr'>Igitur</span> <span class='ocrx_word' id='word_1_155' title='bbox 889 2122 1103 2195; x_wconf 90' lang='lat' dir='ltr'>judicia</span> <span class='ocrx_word' id='word_1_156' title='bbox 1136 2141 1238 2178; x_wconf 88' lang='lat' dir='ltr'>sua</span> <span class='ocrx_word' id='word_1_157' title='bbox 1268 2129 1462 2178; x_wconf 89' lang='lat' dir='ltr'>contra</span> <span class='ocrx_word' id='word_1_158' title='bbox 1495 2122 1777 2196; x_wconf 80' lang='lat' dir='ltr'>Pelagium</span> <span class='ocrx_word' id='word_1_159' title='bbox 1812 2125 2025 2199; x_wconf 86' lang='lat' dir='ltr'>prolata</span> 
     </span>
     <span class='ocr_line' id='line_1_22' title="bbox 135 2217 2027 2299; baseline 0.003 -24"><span class='ocrx_word' id='word_1_160' title='bbox 135 2217 383 2275; x_wconf 87' lang='lat' dir='ltr'>Romano</span> <span class='ocrx_word' id='word_1_161' title='bbox 403 2219 654 2275; x_wconf 88' lang='lat' dir='ltr'>Pontifici</span> <span class='ocrx_word' id='word_1_162' title='bbox 689 2220 945 2291; x_wconf 86' lang='lat' dir='ltr'>mittunt,</span> <span class='ocrx_word' id='word_1_163' title='bbox 963 2229 1021 2277; x_wconf 92' lang='lat' dir='ltr'>ut</span> <span class='ocrx_word' id='word_1_164' title='bbox 1053 2239 1153 2295; x_wconf 90' lang='lat' dir='ltr'>per</span> <span class='ocrx_word' id='word_1_165' title='bbox 1180 2220 1432 2294; x_wconf 89' lang='lat' dir='ltr'>ejusdem</span> <span class='ocrx_word' id='word_1_166' title='bbox 1451 2219 1732 2279; x_wconf 68' lang='lat' dir='ltr'>Pontificis</span> <span class='ocrx_word' id='word_1_167' title='bbox 1758 2225 2027 2299; x_wconf 79' lang='lat' dir='ltr'>rescripta</span> 
     </span>
     <span class='ocr_line' id='line_1_23' title="bbox 136 2316 2029 2391; baseline 0.003 -21"><span class='ocrx_word' id='word_1_168' title='bbox 136 2322 483 2389; x_wconf 82' lang='lat' dir='ltr'>compertum</span> <span class='ocrx_word' id='word_1_169' title='bbox 517 2316 790 2385; x_wconf 83' lang='lat' dir='ltr'>habeant,</span> <span class='ocrx_word' id='word_1_170' title='bbox 834 2335 973 2372; x_wconf 93' lang='lat' dir='ltr'>num</span> <span class='ocrx_word' id='word_1_171' title='bbox 1006 2317 1257 2391; x_wconf 86' lang='lat' dir='ltr'>ipsorum</span> <span class='ocrx_word' id='word_1_172' title='bbox 1302 2317 1555 2374; x_wconf 89' lang='lat' dir='ltr'>doctrina</span> <span class='ocrx_word' id='word_1_173' title='bbox 1589 2338 1720 2375; x_wconf 90' lang='lat' dir='ltr'>cum</span> <span class='ocrx_word' id='word_1_174' title='bbox 1756 2339 1884 2376; x_wconf 62' lang='lat' dir='ltr'>vera</span> <span class='ocrx_word' id='word_1_175' title='bbox 1923 2320 2029 2377; x_wconf 84' lang='lat' dir='ltr'>tide</span> 
     </span>
     <span class='ocr_line' id='line_1_24' title="bbox 140 2413 2028 2489; baseline 0.005 -23"><span class='ocrx_word' id='word_1_176' title='bbox 140 2413 452 2468; x_wconf 78' lang='lat' dir='ltr'>concordet.</span> <span class='ocrx_word' id='word_1_177' title='bbox 492 2414 660 2469; x_wconf 77' lang='lat' dir='ltr'>Porro</span> <span class='ocrx_word' id='word_1_178' title='bbox 688 2415 745 2469; x_wconf 92' lang='lat' dir='ltr'>id</span> <span class='ocrx_word' id='word_1_179' title='bbox 774 2415 920 2471; x_wconf 88' lang='lat' dir='ltr'>idem</span> <span class='ocrx_word' id='word_1_180' title='bbox 950 2422 1030 2472; x_wconf 60' lang='lat' dir='ltr'>ost</span> <span class='ocrx_word' id='word_1_181' title='bbox 1058 2434 1123 2472; x_wconf 88' lang='lat' dir='ltr'>ac.</span> <span class='ocrx_word' id='word_1_182' title='bbox 1145 2435 1445 2489; x_wconf 77' lang='lat' dir='ltr'>agnoscere</span> <span class='ocrx_word' id='word_1_183' title='bbox 1475 2418 1532 2472; x_wconf 90' lang='lat' dir='ltr'>in</span> <span class='ocrx_word' id='word_1_184' title='bbox 1562 2418 1813 2475; x_wconf 85' lang='lat' dir='ltr'>Romano</span> <span class='ocrx_word' id='word_1_185' title='bbox 1840 2419 2028 2475; x_wconf 89' lang='lat' dir='ltr'>Ponti·</span> 
     </span>
     <span class='ocr_line' id='line_1_25' title="bbox 144 2507 1803 2586; baseline 0.004 -24"><span class='ocrx_word' id='word_1_186' title='bbox 144 2507 245 2563; x_wconf 85' lang='lat' dir='ltr'>fice</span> <span class='ocrx_word' id='word_1_187' title='bbox 267 2509 609 2583; x_wconf 78' lang='lat' dir='ltr'>superiorem</span> <span class='ocrx_word' id='word_1_188' title='bbox 634 2518 685 2566; x_wconf 85' lang='lat' dir='ltr'>et</span> <span class='ocrx_word' id='word_1_189' title='bbox 715 2530 1037 2586; x_wconf 85' lang='lat' dir='ltr'>supremam</span> <span class='ocrx_word' id='word_1_190' title='bbox 1062 2514 1364 2570; x_wconf 85' lang='lat' dir='ltr'>definiendi</span> <span class='ocrx_word' id='word_1_191' title='bbox 1390 2516 1803 2572; x_wconf 87' lang='lat' dir='ltr'>auctoritatem.</span> 
     </span>
    </p>

    <p class='ocr_par' dir='ltr' id='par_1_4' title="bbox 134 2605 2032 3368">
     <span class='ocr_line' id='line_1_26' title="bbox 215 2605 2027 2677; baseline 0.004 -16"><span class='ocrx_word' id='word_1_192' title='bbox 215 2606 271 2661; x_wconf 81' lang='lat'>6·</span> <span class='ocrx_word' id='word_1_193' title='bbox 311 2605 599 2662; x_wconf 69' lang='lat' dir='ltr'>Concilium</span> <span class='ocrx_word' id='word_1_194' title='bbox 614 2607 927 2677; x_wconf 62' lang='lat' dir='ltr'>Romanum,</span> <span class='ocrx_word' id='word_1_195' title='bbox 947 2610 1081 2665; x_wconf 90' lang='lat' dir='ltr'>anni</span> <span class='ocrx_word' id='word_1_196' title='bbox 1102 2611 1215 2666; x_wconf 73' lang='lat'>484</span> <span class='ocrx_word' id='word_1_197' title='bbox 1247 2633 1261 2664; x_wconf 91' lang='lat'><strong>:</strong></span> <span class='ocrx_word' id='word_1_198' title='bbox 1300 2633 1328 2662; x_wconf 79' lang='grc' dir='ltr'>ι</span> <span class='ocrx_word' id='word_1_199' title='bbox 1348 2610 1618 2674; x_wconf 85' lang='lat' dir='ltr'>Quotiens</span> <span class='ocrx_word' id='word_1_200' title='bbox 1640 2613 1786 2667; x_wconf 86' lang='lat' dir='ltr'>intra</span> <span class='ocrx_word' id='word_1_201' title='bbox 1812 2613 2027 2668; x_wconf 85' lang='lat' dir='ltr'>ltaliam</span> 
     </span>
     <span class='ocr_line' id='line_1_27' title="bbox 141 2704 2032 2783; baseline 0.004 -25"><span class='ocrx_word' id='word_1_202' title='bbox 141 2710 363 2778; x_wconf 88' lang='lat' dir='ltr'>propter</span> <span class='ocrx_word' id='word_1_203' title='bbox 413 2704 815 2762; x_wconf 82' lang='lat' dir='ltr'>ecclesiasticas</span> <span class='ocrx_word' id='word_1_204' title='bbox 858 2723 1058 2762; x_wconf 82' lang='lat' dir='ltr'>causas</span> <span class='ocrx_word' id='word_1_205' title='bbox 1078 2751 1094 2766; x_wconf 80' lang='grc'>,</span> <span class='ocrx_word' id='word_1_206' title='bbox 1151 2707 1429 2781; x_wconf 65' lang='lat' dir='ltr'>praecipue</span> <span class='ocrx_word' id='word_1_207' title='bbox 1467 2707 1593 2764; x_wconf 83' lang='lat' dir='ltr'>fidei</span> <span class='ocrx_word' id='word_1_208' title='bbox 1616 2752 1633 2777; x_wconf 76' lang='lat'><strong><em>‚</em></strong></span> <span class='ocrx_word' id='word_1_209' title='bbox 1686 2710 2032 2783; x_wconf 66' lang='lat' dir='ltr'>colligimtur</span> 
     </span>
     <span class='ocr_line' id='line_1_28' title="bbox 134 2793 2028 2882; baseline 0.005 -28"><span class='ocrx_word' id='word_1_210' title='bbox 134 2793 353 2856; x_wconf 86' lang='lat' dir='ltr'>Domini</span> <span class='ocrx_word' id='word_1_211' title='bbox 378 2802 712 2872; x_wconf 83' lang='lat' dir='ltr'>sacerdotes,</span> <span class='ocrx_word' id='word_1_212' title='bbox 730 2804 1078 2860; x_wconf 88' lang='lat' dir='ltr'>consuetudo</span> <span class='ocrx_word' id='word_1_213' title='bbox 1098 2805 1375 2881; x_wconf 83' lang='lat' dir='ltr'>retinetur</span> <span class='ocrx_word' id='word_1_214' title='bbox 1402 2813 1463 2860; x_wconf 91' lang='grc' dir='ltr'>ιιι</span> <span class='ocrx_word' id='word_1_215' title='bbox 1498 2825 1788 2863; x_wconf 82' lang='lat' dir='ltr'>successor</span> <span class='ocrx_word' id='word_1_216' title='bbox 1815 2826 2028 2882; x_wconf 69' lang='lat' dir='ltr'>praesu·</span> 
     </span>
     <span class='ocr_line' id='line_1_29' title="bbox 134 2896 2028 2976; baseline 0.006 -24"><span class='ocrx_word' id='word_1_217' title='bbox 134 2896 254 2953; x_wconf 87' lang='lat' dir='ltr'>lum</span> <span class='ocrx_word' id='word_1_218' title='bbox 298 2897 453 2955; x_wconf 89' lang='lat' dir='ltr'>Sedis</span> <span class='ocrx_word' id='word_1_219' title='bbox 498 2899 823 2975; x_wconf 78' lang='lat' dir='ltr'>Apostolicae</span> <span class='ocrx_word' id='word_1_220' title='bbox 865 2920 931 2958; x_wconf 80' lang='lat' dir='ltr'>ex</span> <span class='ocrx_word' id='word_1_221' title='bbox 978 2920 1215 2976; x_wconf 74' lang='lat' dir='ltr'>peisona</span> <span class='ocrx_word' id='word_1_222' title='bbox 1261 2911 1601 2960; x_wconf 87' lang='lat' dir='ltr'>cunctorum</span> <span class='ocrx_word' id='word_1_223' title='bbox 1646 2906 1823 2962; x_wconf 89' lang='lat' dir='ltr'>totius</span> <span class='ocrx_word' id='word_1_224' title='bbox 1857 2907 2028 2963; x_wconf 77' lang='lat' dir='ltr'>ltaliae</span> 
     </span>
     <span class='ocr_line' id='line_1_30' title="bbox 134 2995 2028 3071; baseline 0.004 -21"><span class='ocrx_word' id='word_1_225' title='bbox 134 2995 483 3053; x_wconf 85' lang='lat' dir='ltr'>sacerdotum</span> <span class='ocrx_word' id='word_1_226' title='bbox 508 3041 523 3066; x_wconf 93' lang='lat'>,</span> <span class='ocrx_word' id='word_1_227' title='bbox 584 2998 746 3071; x_wconf 81' lang='lat' dir='ltr'>juxta</span> <span class='ocrx_word' id='word_1_228' title='bbox 797 2999 1204 3056; x_wconf 63' lang='lat' dir='ltr'>sollicitudinem</span> <span class='ocrx_word' id='word_1_229' title='bbox 1255 3003 1355 3058; x_wconf 72' lang='lat' dir='ltr'>sibi</span> <span class='ocrx_word' id='word_1_230' title='bbox 1390 3002 1743 3059; x_wconf 69' lang='lat' dir='ltr'>Eccloeionem</span> <span class='ocrx_word' id='word_1_231' title='bbox 1798 3009 2028 3060; x_wconf 70' lang='lat' dir='ltr'>onmium</span> 
     </span>
     <span class='ocr_line' id='line_1_31' title="bbox 136 3098 2029 3173; baseline 0.004 -27"><span class='ocrx_word' id='word_1_232' title='bbox 136 3099 531 3165; x_wconf 72' lang='lat' dir='ltr'>competentem,</span> <span class='ocrx_word' id='word_1_233' title='bbox 550 3103 754 3151; x_wconf 85' lang='lat' dir='ltr'>cuncta</span> <span class='ocrx_word' id='word_1_234' title='bbox 781 3098 1111 3168; x_wconf 75' lang='lat' dir='ltr'>constituat,</span> <span class='ocrx_word' id='word_1_235' title='bbox 1132 3102 1218 3172; x_wconf 79' lang='lat' dir='ltr'>qui</span> <span class='ocrx_word' id='word_1_236' title='bbox 1242 3109 1400 3173; x_wconf 74' lang='lat' dir='ltr'>caput</span> <span class='ocrx_word' id='word_1_237' title='bbox 1422 3109 1501 3156; x_wconf 71' lang='lat' dir='ltr'>est</span> <span class='ocrx_word' id='word_1_238' title='bbox 1524 3104 1777 3168; x_wconf 66' lang='lat' dir='ltr'>amrium,</span> <span class='ocrx_word' id='word_1_239' title='bbox 1794 3101 2029 3157; x_wconf 83' lang='lat' dir='ltr'>Domino</span> 
     </span>
     <span class='ocr_line' id='line_1_32' title="bbox 136 3187 2026 3269; baseline 0.004 -26"><span class='ocrx_word' id='word_1_240' title='bbox 136 3187 207 3243; x_wconf 93' lang='lat' dir='ltr'>ad</span> <span class='ocrx_word' id='word_1_241' title='bbox 235 3188 458 3245; x_wconf 85' lang='lat' dir='ltr'>beatum</span> <span class='ocrx_word' id='word_1_242' title='bbox 473 3191 695 3248; x_wconf 82' lang='lat' dir='ltr'>Petrum</span> <span class='ocrx_word' id='word_1_243' title='bbox 718 3195 1043 3269; x_wconf 75' lang='lat' dir='ltr'>Apostolum</span> <span class='ocrx_word' id='word_1_244' title='bbox 1073 3196 1294 3254; x_wconf 85' lang='lat' dir='ltr'>dicente</span> <span class='ocrx_word' id='word_1_245' title='bbox 1324 3218 1339 3250; x_wconf 75' lang='grc' dir='ltr'><strong><em>ε</em></strong></span> <span class='ocrx_word' id='word_1_246' title='bbox 1379 3199 1451 3254; x_wconf 73' lang='lat' dir='ltr'>Tu</span> <span class='ocrx_word' id='word_1_247' title='bbox 1477 3218 1604 3254; x_wconf 79' lang='lat' dir='ltr'>cs...</span> <span class='ocrx_word' id='word_1_248' title='bbox 1634 3200 1811 3263; x_wconf 83' lang='lat' dir='ltr'>Quam</span> <span class='ocrx_word' id='word_1_249' title='bbox 1836 3216 2026 3253; x_wconf 63' lang='lat' dir='ltr'>vocem</span> 
     </span>
     <span class='ocr_line' id='line_1_33' title="bbox 138 3289 2026 3368; baseline 0.004 -28"><span class='ocrx_word' id='word_1_250' title='bbox 138 3291 431 3359; x_wconf 85' lang='lat' dir='ltr'>sequentes</span> <span class='ocrx_word' id='word_1_251' title='bbox 460 3289 694 3344; x_wconf 83' lang='lat' dir='ltr'>trecenti</span> <span class='ocrx_word' id='word_1_252' title='bbox 725 3289 918 3348; x_wconf 83' lang='lat' dir='ltr'>decem</span> <span class='ocrx_word' id='word_1_253' title='bbox 945 3299 997 3350; x_wconf 91' lang='lat' dir='ltr'>et</span> <span class='ocrx_word' id='word_1_254' title='bbox 1027 3300 1155 3350; x_wconf 87' lang='lat' dir='ltr'>octo</span> <span class='ocrx_word' id='word_1_255' title='bbox 1185 3295 1367 3350; x_wconf 88' lang='lat' dir='ltr'>sancti</span> <span class='ocrx_word' id='word_1_256' title='bbox 1393 3295 1585 3350; x_wconf 75' lang='lat' dir='ltr'>Patres</span> <span class='ocrx_word' id='word_1_257' title='bbox 1614 3295 1764 3368; x_wconf 87' lang='lat' dir='ltr'>apud</span> <span class='ocrx_word' id='word_1_258' title='bbox 1787 3294 2026 3349; x_wconf 60' lang='lat' dir='ltr'>Nic-eam</span> 
     </span>
    </p>
   </div>
   <div class='ocr_carea' id='block_1_4' title="bbox 136 3383 2030 3558">
    <p class='ocr_par' dir='ltr' id='par_1_5' title="bbox 136 3383 2030 3558">
     <span class='ocr_line' id='line_1_34' title="bbox 137 3383 2029 3462; baseline 0.004 -23"><span class='ocrx_word' id='word_1_259' title='bbox 137 3383 451 3456; x_wconf 63' lang='lat' dir='ltr'>congregati</span> <span class='ocrx_word' id='word_1_260' title='bbox 486 3386 933 3455; x_wconf 67' lang='lat' dir='ltr'>confir-ationem</span> <span class='ocrx_word' id='word_1_261' title='bbox 980 3408 1172 3446; x_wconf 85' lang='lat' dir='ltr'>rerum</span> <span class='ocrx_word' id='word_1_262' title='bbox 1204 3398 1375 3462; x_wconf 88' lang='lat' dir='ltr'>atque</span> <span class='ocrx_word' id='word_1_263' title='bbox 1420 3393 1787 3446; x_wconf 69' lang='lat' dir='ltr'>auctoritate-u</span> <span class='ocrx_word' id='word_1_264' title='bbox 1829 3401 2029 3449; x_wconf 66' lang='lat' dir='ltr'>wudz</span> 
     </span>
     <span class='ocr_line' id='line_1_35' title="bbox 136 3479 2030 3558; baseline 0.006 -23"><span class='ocrx_word' id='word_1_265' title='bbox 136 3479 386 3535; x_wconf 64' lang='lat' dir='ltr'>Renum</span> <span class='ocrx_word' id='word_1_266' title='bbox 406 3479 657 3536; x_wconf 72' lang='lat' dir='ltr'>Ecclesiae</span> <span class='ocrx_word' id='word_1_267' title='bbox 680 3481 998 3539; x_wconf 63' lang='lat' dir='ltr'>demam.</span> <span class='ocrx_word' id='word_1_268' title='bbox 1042 3485 1221 3547; x_wconf 84' lang='lat' dir='ltr'>Quam</span> <span class='ocrx_word' id='word_1_269' title='bbox 1251 3492 1553 3558; x_wconf 85' lang='lat' dir='ltr'>utramque</span> <span class='ocrx_word' id='word_1_270' title='bbox 1569 3486 1640 3540; x_wconf 88' lang='lat' dir='ltr'>ad</span> <span class='ocrx_word' id='word_1_271' title='bbox 1659 3492 1879 3544; x_wconf 74' lang='lat' dir='ltr'>:etatem</span> <span class='ocrx_word' id='word_1_272' title='bbox 1899 3507 2030 3546; x_wconf 84' lang='lat' dir='ltr'>nos-</span> 
     </span>
    </p>
   </div>
   <div class='ocr_carea' id='block_1_5' title="bbox 58 3578 2028 3747">
    <p class='ocr_par' dir='ltr' id='par_1_6' title="bbox 58 3578 2028 3747">
     <span class='ocr_line' id='line_1_36' title="bbox 58 3578 2028 3653; baseline 0.006 -19"><span class='ocrx_word' id='word_1_273' title='bbox 58 3586 71 3596; x_wconf 85' lang='lat'><strong>·</strong></span> <span class='ocrx_word' id='word_1_274' title='bbox 136 3583 281 3634; x_wconf 83' lang='lat' dir='ltr'>tram</span> <span class='ocrx_word' id='word_1_275' title='bbox 327 3578 710 3635; x_wconf 82' lang='lat' dir='ltr'>successiones</span> <span class='ocrx_word' id='word_1_276' title='bbox 760 3598 957 3638; x_wconf 66' lang='lat' dir='ltr'>omnes</span> <span class='ocrx_word' id='word_1_277' title='bbox 987 3581 1319 3637; x_wconf 88' lang='lat' dir='ltr'>custodiunt</span> <span class='ocrx_word' id='word_1_278' title='bbox 1350 3602 1381 3633; x_wconf 73' lang='grc' dir='ltr'>ι</span> <span class='ocrx_word' id='word_1_279' title='bbox 1428 3582 1824 3653; x_wconf 73' lang='lat' dir='ltr'>(conciliorum</span> <span class='ocrx_word' id='word_1_280' title='bbox 1846 3586 2028 3645; x_wconf 68' lang='lat' dir='ltr'>labbe</span> 
     </span>
     <span class='ocr_line' id='line_1_37' title="bbox 137 3674 1311 3747; baseline 0.002 -15"><span class='ocrx_word' id='word_1_281' title='bbox 137 3679 182 3732; x_wconf 82' lang='lat' dir='ltr'>t.</span> <span class='ocrx_word' id='word_1_282' title='bbox 211 3674 302 3747; x_wconf 86' lang='lat' dir='ltr'>lv,</span> <span class='ocrx_word' id='word_1_283' title='bbox 329 3675 438 3732; x_wconf 85' lang='lat' dir='ltr'>col.</span> <span class='ocrx_word' id='word_1_284' title='bbox 475 3676 642 3746; x_wconf 76' lang='lat'><strong>1126,</strong></span> <span class='ocrx_word' id='word_1_285' title='bbox 671 3677 808 3733; x_wconf 83' lang='lat' dir='ltr'>edit.</span> <span class='ocrx_word' id='word_1_286' title='bbox 837 3676 1085 3747; x_wconf 86' lang='lat' dir='ltr'>Parisiis,</span> <span class='ocrx_word' id='word_1_287' title='bbox 1116 3676 1311 3740; x_wconf 75' lang='lat'><strong>¹67¹».</strong></span> 
     </span>
    </p>
   </div>
   <div class='ocr_carea' id='block_1_6' title="bbox 440 3786 1786 3835">
    <p class='ocr_par' dir='ltr' id='par_1_7' title="bbox 440 3786 1786 3835">
     <span class='ocr_line' id='line_1_38' title="bbox 440 3786 1786 3835; baseline 0.007 -10"><span class='ocrx_word' id='word_1_288' title='bbox 440 3793 473 3827; x_wconf 79' lang='grc' dir='ltr'>ι,</span> <span class='ocrx_word' id='word_1_289' title='bbox 1758 3786 1786 3835; x_wconf 78' lang='grc' dir='ltr'>’ἱ</span> 
     </span>
    </p>
   </div>
   <div class='ocr_carea' id='block_1_7' title="bbox 0 1063 10 2697">
    <p class='ocr_par' dir='ltr' id='par_1_8' title="bbox 0 1063 10 2697">
     <span class='ocr_line' id='line_1_39' title="bbox 0 1063 10 2697; baseline 0 0"><span class='ocrx_word' id='word_1_290' title='bbox 0 1063 10 2697; x_wconf 95' lang='lat' dir='ltr'> </span> 
     </span>
    </p>
   </div>
  </div>
 </body>
</html>
