2372 4108
894 242 1020 287 PARS
1050 241 1220 287 PRIMA.
1952 237 2011 282 55

128 350 220 405 dat
265 354 491 405 sanctus
522 348 733 416 doctor,
762 348 846 404 vel
881 365 948 403 ex
981 349 1087 402 hoc
1130 347 1247 403 solo
1290 362 1581 420 perperam
1609 343 1679 400 ad
1723 343 1845 416 ejus
1879 359 2014 398 auc-

127 446 406 503 toritatem
442 451 769 520 provocatur
800 468 811 510 ;
861 475 937 484 —-
971 444 1028 497 2⁰
1047 443 1241 516 pandit
1287 443 1405 518 ipse
1431 441 1776 516 Augustinus
1806 439 2023 513 quibus,

129 543 441 599 rationibus
467 542 729 598 inductus
760 541 831 597 sit
855 539 925 596 ad
949 540 1302 613 exponendas
1329 541 1395 595 de
1421 540 1638 596 Christo
1663 558 1822 596 voces
1852 540 2013 609 istaS,

130 659 287 713 super
322 642 452 696 hanc
481 650 706 714 petram.
731 637 968 692 Proinde
1008 636 1055 692 si
1103 637 1466 693 manifestum
1497 639 1568 693 sit
1609 638 1854 694 rationes
1887 638 2017 694 illas

129 737 279 791 omni
310 753 536 810 prorsus
557 735 752 789 robore
778 749 987 802 carere,
1021 731 1324 788 deserenda
1355 733 1463 787 erit
1490 734 1873 807 interpretatio
1895 734 2014 802 illa,

130 841 179 888 et
218 831 453 888 tenenda
489 830 671 905 potius
706 830 899 897 altera,
937 847 1104 902 quam
1137 846 1293 902 aeque
1330 829 1503 884 tradit
1535 836 1762 885 sanctus
1803 831 2013 888 doctor.

126 930 291 985 Porro
316 929 508 984 inanes
553 945 742 984 revera
776 934 907 983 sunt
951 927 1074 983 duae
1104 928 1370 996 rationeS,
1398 945 1517 999 quae
1553 927 1606 982 S.
1642 927 2018 999 Augustinum

131 1031 418 1081 moverunt
443 1016 510 1080 ad
545 1025 1027 1099 interpretandum
1073 1025 1242 1081 etiam
1290 1025 1358 1080 de
1399 1023 1616 1080 Christo
1651 1025 1887 1080 verbum
1929 1042 2023 1096 pe-

135 1130 288 1177 tram.
323 1121 477 1177 Prior
507 1121 650 1177 ratio
689 1128 770 1177 est
805 1126 989 1176 textus
1030 1121 1185 1177 Pauli
1227 1122 1266 1194 (Ι
1291 1122 1414 1177 Cor.
1448 1141 1504 1191 x,
1538 1141 1588 1177 v.
1621 1123 1703 1193 4),
1734 1122 1894 1178 Petra
1935 1141 2025 1177 au-

131 1227 231 1275 tem-
268 1227 381 1275 erat
413 1219 672 1276 Christus.
718 1218 843 1282 Quae
876 1237 1010 1274 sane
1054 1220 1196 1275 ratio
1238 1218 1383 1274 nihil
1420 1220 1637 1294 probat.
1671 1219 1806 1274 Nam
1845 1238 1911 1274 ex
1962 1237 2024 1275 eo

134 1316 281 1388 quod
304 1316 361 1371 in
395 1333 457 1371 eo
487 1322 640 1372 textu
672 1334 774 1372 vox
799 1324 948 1389 petra
974 1316 1334 1388 intelligenda
1366 1316 1437 1372 sit
1469 1316 1535 1371 de
1562 1316 1803 1386 ChristO,
1830 1332 2026 1390 perpe—

136 1431 254 1468 ram
285 1413 638 1485 colligeretur
661 1431 849 1468 vocem
882 1414 1066 1481 istam,
1083 1412 1428 1485 ubicumque
1450 1413 1698 1469 adhibita
1720 1413 2025 1485 reperitur,

138 1512 344 1585 pariter
373 1511 439 1564 de
473 1511 688 1565 Christo
717 1527 835 1565 esse
867 1510 1307 1581 intelligendam,
1337 1517 1398 1564 ut
1429 1516 1597 1583 patet.
1631 1509 1905 1565 Posterior
1942 1528 2028 1564 ra-

140 1607 215 1662 tio
248 1613 350 1673 est,
385 1606 532 1677 quod
568 1624 677 1660 non
708 1606 911 1661 dixerit
951 1605 1220 1673 ChristuS,
1255 1613 1309 1660 tn
1335 1625 1390 1687 e?
1413 1615 1571 1679 petra
1606 1615 1654 1661 et
1697 1625 1854 1680 super
1896 1609 2029 1662 ham·

132 1710 360 1774 petram,
393 1701 510 1769 sed,
546 1711 599 1756 tu
627 1720 681 1755 es
721 1702 929 1756 Petrus,
965 1702 1140 1764 Quam
1168 1703 1387 1773 generis
1426 1703 1792 1758 mutationem
1822 1707 2032 1778 perspi-

137 1797 285 1852 ciens
314 1803 537 1852 sanctus
564 1797 778 1867 doctor,
819 1814 921 1852 nec
951 1798 1264 1872 suspicatus
1307 1815 1428 1853 eam
1463 1817 1577 1853 non
1611 1806 1799 1855 extare
1839 1801 1897 1854 in
1930 1801 2031 1855 lin-

134 1912 240 1967 gua
265 1912 374 1966 qua
400 1912 535 1950 usus
569 1901 684 1950 erat
715 1894 987 1963 ChristuS,
1026 1896 1309 1970 probabile
1335 1896 1669 1953 existimavit
1695 1899 2026 1973 mysterium

134 1990 210 2046 ibi
242 1991 433 2059 latere,
465 1997 517 2046 et
546 2009 731 2046 vocem
766 1992 992 2063 quidem
1021 1993 1209 2047 Petrus
1239 1992 1305 2047 de
1344 1994 1614 2067 apostolo,
1646 2000 1699 2049 at
1723 2004 1928 2069 petram
1963 1998 2028 2051 dc

133 2087 349 2161 Christo
379 2088 497 2161 ipso
525 2088 947 2162 accipidebere.
977 2089 1131 2152 Quod
1164 2091 1418 2167 linguam
1452 2092 1771 2148 hebraicam
1802 2094 2025 2166 ignora-

135 2185 271 2240 verit
309 2186 672 2258 AugustinuS,
708 2192 946 2242 testatur
978 2187 1214 2262 ipsemet
1260 2189 1511 2263 (epistola
1552 2190 1682 2260 1511,
1717 2192 1786 2246 ad
1824 2193 2025 2247 Memo-

136 2282 328 2353 rium).
358 2282 531 2345 Quam
556 2283 600 2338 si
629 2283 891 2354 novisset,
914 2285 981 2339 ab
1008 2284 1103 2340 illa
1125 2286 1509 2359 proculdubio
1542 2288 2023 2363 interpretatione,

136 2378 302 2432 etiam
333 2386 396 2434 ut
420 2380 715 2452 probabili,
745 2381 1101 2437 abstinuisset
1128 2406 1138 2448 3
1180 2417 1250 2424 —
1292 2383 1348 2438 5⁰
1378 2403 1487 2440 non
1517 2392 1703 2442 extare
1740 2387 1798 2442 in
1834 2388 2021 2460 lingua

140 2473 398 2528 hebraica
422 2479 474 2528 et
501 2475 710 2546 syriaca
741 2477 952 2532 dictum
988 2478 1310 2547 discrimen,
1346 2489 1553 2538 norunt
1583 2485 1783 2539 harum
1813 2486 2026 2556 lingua-

140 2587 262 2626 rum
293 2571 378 2625 vel
405 2571 557 2626 scioli
582 2592 592 2637 3
622 2577 785 2642 atque
813 2573 868 2627 id
894 2575 1039 2630 inter
1064 2577 1201 2630 alios
1227 2578 1472 2634 eruditos
1499 2580 1575 2634 ita
1602 2586 1839 2635 testatur
1872 2600 2024 2636 sanc-

136 2672 226 2722 tus
267 2667 663 2741 Hieronymus:
701 2688 727 2718 «
758 2667 909 2723 Modo
949 2669 1171 2743 Cephas.
1197 2679 1248 2726 et
1296 2674 1459 2728 modo
1489 2674 1682 2730 Petrus
1721 2676 2015 2742 scribitur,-

137 2780 246 2816 non
287 2763 435 2834 quod
482 2762 632 2817 aliud
674 2762 944 2834 significet
993 2765 1215 2835 PetruS,
1249 2767 1399 2822 aliud
1431 2768 1657 2844 Cephas,
1704 2773 1799 2827 sed
1847 2775 2015 2845 quod.

136 2875 304 2930 quam
336 2878 437 2915 nos
468 2860 637 2915 latine
678 2865 730 2915 et
769 2878 945 2932 graece
979 2871 1182 2934 petram
1212 2884 1493 2939 vocamus,
1530 2869 1672 2924 hanc
1710 2870 1919 2926 Hebraei
1967 2878 2013 2927 et

134 2955 275 3030 Syri,
306 2964 528 3030 propter
549 2958 750 3030 linguae
790 2959 846 3013 in
878 2977 935 3014 se
959 2959 1242 3031 viciniam,
1283 2965 1495 3036 cepham
1521 2975 1846 3042 nuncupant
1882 2992 1907 3021 »
1939 2970 2016 3043 (in

135 3069 253 3124 cap.
289 3071 320 3105 11
361 3052 428 3107 a'd
460 3053 677 3118 Galat).
713 3055 826 3108 Imo
877 3054 1119 3129 idipsum
1165 3058 1370 3114 fatetur
1403 3062 1822 3119 calvinistarum
1867 3072 2019 3120 antc-

137 3144 404 3215 signanus
428 3146 580 3218 Beza,
618 3150 703 3203 his
725 3150 908 3205 verbis
937 3172 947 3206 :
987 3173 1014 3204 «
1041 3152 1303 3210 Dominus
1338 3157 1553 3230 syriace
1575 3159 1831 3230 loquens,
1862 3160 2012 3214 nulla

137 3257 271 3295 usus
301 3247 382 3296 est
407 3245 904 3316 cognominatione,
937 3247 1030 3302 sed
1059 3251 1357 3325 utrobique
1400 3253 1540 3309 dixit
1583 3254 1787 3326 Cepha.
1815 3255 2016 3316 Quem-

136 3336 432 3391 admodum
452 3346 503 3393 et
527 3340 882 3396 vernaculum
908 3361 1109 3400 nomen
1129 3349 1327 3418 pierre,
1355 3355 1469 3403 tam
1502 3349 1569 3403 de
1590 3349 1815 3421 proprio
1846 3342 2014 3421 quam

135 3431 200 3487 de
238 3434 564 3507 appellativo
607 3436 829 3492 dicitur.
872 3438 1141 3521 ln'graeco
1175 3459 1394 3513 quoque
1444 3461 1700 3499 sermone
1747 3453 1917 3518 πέτρος
1960 3453 2011 3501 et
2068 3429 2078 3438 ⁵

131 3537 299 3601 πέτρα,
336 3549 447 3586 non
485 3550 577 3602 re,
621 3534 714 3588 sed
759 3530 1146 3592 terminatione
1190 3544 1406 3594 tantum
1449 3539 1718 3598 differunt
1766 3563 1791 3595 »
1843 3544 2007 3618 (apud

132 3622 445 3686 Cornelium
485 3648 515 3685 a
547 3630 766 3705 Lapide‚
809 3633 876 3687 ad
919 3640 1082 3708 caput
1124 3653 1156 3688 n
1201 3635 1266 3690 ad
1311 3636 1535 3700 Galat).
1574 3639 1746 3710 Igitur
1785 3651 2010 3698 sanctus

366 3744 398 3779 ι.
1745 3746 1772 3791 5
