2320 4010
914 136 1040 183 mas
1069 135 1309 182 sacuam.
1494 116 1499 119 ’
1970 131 2057 179 32⁰1

179 244 312 319 quid
347 246 620 300 haereseos
645 244 912 299 latitaret.
943 241 1005 298 Et
1029 241 1152 298 ideo
1178 238 1420 297 recurrit
1445 238 1515 295 ad
1530 238 1844 295 Romanum
1865 234 2057 292 Ponti-

178 340 360 409 ficem,
392 348 452 396 ut
477 340 815 396 decisionem
837 341 940 395 bac
966 339 1033 394 de
1051 354 1109 394 re
1129 337 1399 393 obtineat.
1430 337 1551 392 Jam
1571 352 1699 391 vero
1720 325 1920 390 modus
1941 348 2052 406 quo

178 436 432 508 loquitur
462 436 820 492 manifestum
844 435 974 492 facit
1002 452 1105 509 pro
1131 439 1280 504 certa
1312 434 1498 507 ipsum
1523 431 1786 487 habuisse
1817 427 2056 486 Romani

136 561 151 575 ·
178 534 457 590 Pontificis
497 533 554 588 in
585 530 931 590 decernenda
969 531 1075 587 fide
1111 530 1591 586 infallibilitatem.
1621 529 1728 584 Cur
1751 528 1904 584 enim
1929 543 2060 593 con-

181 630 471 685 sulendam
510 635 695 684 censet
725 621 1025 682 cathedram
1061 627 1206 682 Petri
1238 633 1290 682 et
1320 627 1479 697 fidem
1509 626 1795 699 apostolico
1831 643 1922 680 ore
1955 625 2065 679 lau-

181 726 379 782 datam:
425 723 481 777 id
537 730 640 789 est,
693 739 795 776 cur
836 722 1173 777 decisionem
1215 721 1282 775 de
1319 738 1379 775 re
1435 721 1503 776 ad
1545 721 1711 775 fidem
1749 720 2062 793 pertinente

179 801 419 893 postulat
444 836 474 874 a
502 819 747 875 Romano
771 818 1044 892 praesule?
1081 817 1242 884 Quia,
1275 816 1482 888 inquit,
1519 816 1659 886 apud
1685 832 1774 870 vos
1815 817 1955 870 solos
1989 818 2064 869 in-

177 923 416 989 corrupta
456 916 675 971 Patrum
723 923 964 971 servatur
1001 915 1307 978 haereditas;
1341 913 1475 985 quia
1524 912 1793 967 Damasus
1837 916 1921 966 est
1972 912 2064 966 lua:

179 1013 383 1082 mundi,
409 1014 493 1068 sal
520 1021 674 1068 terrae
690 1035 707 1077 ;
735 1012 867 1085 quia
886 1014 1218 1067 consociatur
1243 1012 1605 1065 communione
1622 1009 1790 1064 eidem
1807 1004 2061 1074 Damaso,

179 1109 233 1163 id
279 1118 376 1177 est,
420 1110 678 1165 cathedrae
725 1111 894 1179 Petri,
923 1115 974 1164 et
1012 1110 1115 1164 scit
1152 1127 1311 1182 snper
1339 1108 1489 1163 illam
1534 1115 1739 1179 petram
1774 1106 2063 1161 Ecclesiam

182 1207 343 1276 fuisse
366 1185 705 1277 aeclificatam}
731 1207 863 1278 quia
894 1213 1108 1262 certum
1138 1207 1245 1279 ipsi
1271 1212 1373 1269 est,
1395 1206 1682 1276 profanum
1725 1221 1836 1257 esse
1868 1205 1954 1273 qui
1979 1219 2065 1257 ea:-

187 1308 268 1354 tra
297 1302 427 1355 hanc
461 1303 669 1356 domum
715 1320 902 1371 aglaum
946 1303 1247 1367 comederit,
1299 1308 1351 1356 et
1387 1303 1678 1373 periturum
1717 1299 1814 1371 qui
1855 1301 1908 1351 in
1964 1298 2065 1353 hac

189 1415 309 1451 arca
347 1397 456 1451 Νοε
492 1415 593 1451 non
617 1399 797 1468 suerit,
847 1404 900 1452 et
941 1415 1059 1453 esse
1108 1397 1422 1453 antichristi
1460 1399 1546 1468 qui
1589 1415 1694 1451 non
1728 1397 1923 1468 colliyit
1953 1415 2066 1452 cnm

191 1492 456 1553 Damaso,·
499 1492 629 1563 quia
669 1492 893 1547 tandem
931 1511 1033 1546 ηοη
1080 1495 1296 1560 timebit,
1343 1493 1438 1548 sed
1494 1499 1683 1548 certus
1717 1493 1821 1548 erit
1858 1511 1916 1548 se
1954 1511 2066 1548 non

190 1606 395 1657 errare,
426 1589 471 1644 si
508 1597 775 1660 sequatur
820 1590 1157 1645 decisionem
1210 1591 1431 1646 Damasi
1463 1592 1650 1662 quoad
1698 1591 2066 1662 quaestionem

191 1684 341 1739 illam
369 1685 437 1738 de
456 1685 864 1757 hypostasibus.
895 1685 948 1739 Si
970 1686 1098 1756 quis
1124 1692 1286 1756 neget
1313 1686 1640 1757 Hieronymo
1664 1688 1778 1741 haec
1798 1686 2064 1740 scribenti

189 1786 392 1833 certam
430 1785 480 1833 et
521 1779 891 1834 indubitatam
924 1780 1094 1835 fuisse
1123 1781 1498 1835 Romanorum
1526 1780 1854 1835 Pontificum
1884 1781 1941 1834 in
1972 1781 2065 1835 de-

188 1873 455 1927 cernenda
508 1874 613 1928 fide
654 1875 1039 1944 inerrantiam‚
1082 1876 1137 1929 id
1179 1876 1347 1931 etiam
1384 1876 1452 1930 de
1499 1893 1588 1930 me
1631 1883 1815 1947 neget,
1858 1876 1955 1948 qui
1999 1894 2064 1931 ex

186 1970 430 2042 professo
450 1970 600 2025 illam
623 1971 775 2026 Sedis
797 1972 1115 2045 Apostolicae
1132 1972 1377 2026 divinam
1401 1972 1823 2044 praerogativam
1854 1972 1944 2027 hic
1970 1972 2064 2028 de-

187 2066 368 2120 fendo,
399 2067 513 2121 Non
544 2069 692 2123 enim
719 2069 873 2124 video
904 2069 1107 2141 quibus
1129 2069 1463 2125 clarioribus
1493 2070 1675 2125 verbis
1703 2070 1855 2124 illam
1885 2071 2066 2144 expri-

189 2181 336 2219 mere
358 2182 598 2237 possem.
630 2166 920 2222 Enimvero
950 2167 1046 2238 qui
1076 2167 1415 2222 consulendo
1442 2168 1644 2240 Papam
1688 2167 1819 2223 dicit
1849 2186 1907 2223 se
1938 2187 2069 2223 con-

190 2261 368 2316 sulere
394 2264 691 2318 cathedram
737 2265 880 2319 Petri
911 2272 960 2318 et
984 2266 1139 2334 fidem
1186 2265 1487 2335 Apostolico
1514 2282 1604 2318 ore
1644 2265 1939 2332 laudatam,
1972 2283 2068 2337 pro

189 2364 332 2412 certo
362 2375 491 2412 sane
527 2361 684 2415 habet
719 2361 917 2433 Papam
964 2378 1076 2414 non
1125 2378 1531 2433 responsurum
1574 2378 1802 2415 erronee
1832 2367 1927 2415 aut
1959 2362 2065 2414 hae-

189 2451 355 2507 retice
382 2473 392 2505 ε
419 2454 667 2526 alioquin
712 2473 824 2510 non
857 2455 1198 2511 existimaret
1239 2456 1455 2511 consuli
1507 2475 1536 2510 a
1589 2474 1647 2510 se
1689 2457 1847 2526 fidem
1897 2458 2064 2527 Apos-

187 2548 338 2603 tolico
384 2568 473 2605 ore
523 2553 811 2607 laudatam.
860 2553 994 2607 Item
1040 2553 1137 2624 qui
1179 2554 1493 2607 Romanum
1549 2551 1866 2606 Pontificem
1910 2558 2066 2606 vocat

187 2643 346 2699 lucem
384 2649 557 2701 mandi
601 2655 653 2703 et
702 2649 868 2703 salem
904 2656 1074 2718 terrae,
1102 2668 1202 2723 pro
1233 2655 1382 2703 certo
1424 2649 1583 2703 habet
1616 2648 1683 2702 ab
1738 2648 1831 2703 illo
1887 2649 2072 2704 Ponti—

183 2738 283 2795 fice
309 2742 494 2797 doceri
528 2762 637 2798 non
668 2762 828 2818 posse
865 2762 1110 2800 errorem
1151 2754 1243 2802 aut
1275 2746 1552 2801 haeresim.
1597 2746 1810 2820 Quippe
1847 2747 1893 2801 si
1927 2747 2068 2820 Papa

188 2852 297 2888 non
336 2837 407 2890 sit
456 2840 638 2908 quoad
668 2841 830 2896 tidem
881 2843 1217 2898 edocendam
1254 2842 1585 2912 infallibilis,
1638 2862 1748 2898 non
1801 2843 1918 2916 ipse
1975 2844 2070 2897 lux

190 2927 381 2980 mundi
411 2937 463 2983 et
493 2933 571 2985 sal
601 2939 782 3005 tcrrae,
828 2937 921 2991 sed
963 2938 1251 2994 dumtaxat
1306 2938 1539 2994 concilio
1572 2939 1917 2993 oecumenico
1965 2944 2062 2991 aut

190 3023 408 3093 corpori
442 3024 831 3100 Epi<coporum
876 3037 1236 3106 praerogativa
1288 3039 1403 3091 haec
1439 3036 1737 3091 tribuenda
1769 3035 1896 3088 erit.
1925 3035 2060 3087 Item

194 3114 239 3167 si
267 3113 405 3186 Papa
440 3115 495 3168 in
522 3117 863 3177 decernenda
888 3125 992 3180 fide
1022 3128 1093 3182 sit
1119 3129 1388 3194 sallibiliS,
1419 3129 1621 3182 salsum
1657 3134 1738 3181 est
1769 3128 2065 3197 clisperyere

191 3211 277 3278 qui
304 3227 405 3262 non
433 3211 620 3281 colliyit
659 3232 771 3268 cum
798 3218 946 3287 ipso,·
989 3239 1121 3275 casu
1166 3223 1314 3276 enim
1354 3241 1463 3292 quo
1504 3223 1645 3293 Papa
1687 3222 1939 3276 haeresim
1966 3222 2064 3276 do-

189 3311 331 3373 ceat,
355 3324 461 3360 non
493 3309 750 3381 colligere
782 3329 908 3367 cum
931 3315 1070 3388 ipso,
1090 3318 1195 3371 erit
1234 3325 1382 3373 recte
1412 3318 1699 3390 colligere:
1730 3325 1782 3373 et
1806 3318 2063 3391 colligere

189 3415 315 3452 cum
360 3400 496 3473 ipso,
525 3404 627 3458 crit
661 3404 1000 3479 dispergere.
1038 3411 1299 3467 Praeterea
1331 3430 1428 3486 per
1454 3415 1662 3469 domum
1686 3415 1839 3470 illam
1872 3415 1929 3470 in
1949 3435 2057 3489 qua

190 3494 296 3549 nisi
327 3498 451 3568 quis
476 3518 679 3571 agnum
711 3506 962 3561 comedat
994 3508 1258 3580 profanus
1281 3515 1385 3579 est,
1423 3518 1470 3567 et
1500 3530 1675 3568 arcam
1697 3513 1847 3570 illam
1873 3514 2057 3587 inqua
