2320 4010
333 157 422 202 402
1005 132 1306 199 TRACTATUS
1337 153 1403 200 DE
1433 153 1580 202 PAPA.

339 266 556 339 «parte
598 258 834 333 legatie,
877 264 930 316 et
981 260 1108 316 inde
1153 261 1279 334 fidei
1317 263 1627 336 accipienda
1673 265 1958 337 certitudo,
2029 271 2246 328 κάκεῖθεν

299 421 304 431 .
337 382 365 413 «
390 365 601 434 δεχέσθω
632 363 685 415 τὸ
709 364 918 430 ασφαλὲς
957 369 1044 430 τῆς
1078 365 1298 427 πίστεως.
1335 382 1363 414 »
2091 342 2094 344 v

406 461 467 516 In
497 460 606 517 alia
628 459 887 536 epistola,
903 460 1158 518 Michaeli
1173 461 1524 537 imperatori,
1546 462 1644 537 qui
1664 463 1967 522 monachos
1985 463 2248 526 invitave-
2290 438 2320 518 s·

331 566 417 617 rat
457 561 526 617 ad
554 561 963 637 disputandum
986 579 1119 617 cum
1147 562 1503 619 heterodoxis
1523 562 1674 620 cirea
1701 569 1925 620 sanetas
1950 563 2244 640 imagines,

329 660 409 717 sie
423 660 728 738 respondet
754 660 1115 717 Theodorus:
1150 660 1860 733 «Sermonem,refellendi
1887 681 2083 736 causa,
2117 683 2246 724 cum

332 785 358 816 «
391 762 748 821 heterodoxis
792 764 1051 820 conferre
1086 763 1394 839 apostolico
1437 762 1704 820 mandato
1742 769 2046 839 repugnat,
2084 765 2250 823 mini·
2308 767 2312 771 ’

330 884 356 916 «
389 881 591 936 meque
618 862 1024 933 eonvenit,nisi
1063 862 1131 918 ad
1162 862 1577 938 correptionem
1597 863 2068 920 tantummodo„-
2095 866 2246 931 Quod
2311 882 2314 883 ’

329 962 436 1018 «si
475 960 611 1035 quid
656 967 741 1019 est
783 961 1062 1035 ejusmodi
1105 961 1173 1019 de
1215 982 1326 1036 quo
1367 963 1613 1036 ambigat
1661 967 1756 1019 aut
1803 962 2017 1019 diffidat
2062 963 2247 1034 divina
2303 971 2320 1044 ⁴]

327 1083 354 1116 «
393 1062 810 1136 magnificentia
824 1068 1009 1119 vestra
1035 1061 1125 1137 pie
1149 1081 1178 1118 a
1196 1063 1519 1118 Patriarcha
1536 1062 1765 1119 dissolvi
1788 1082 1978 1138 posse,
1997 1065 2244 1137 jubeat...

328 1182 354 1213 «
384 1180 416 1216 a
443 1168 619 1216 vetere
647 1162 816 1216 Roma
844 1163 1040 1235 suscipi
1069 1160 1503 1234 declarationem,
1535 1167 1703 1236 prout
1729 1161 1866 1218 olim
1895 1168 1949 1219 et
1986 1163 2055 1219 ab
2085 1163 2270 1222 initio—

326 1280 352 1310 «
384 1263 618 1333 paterna
643 1258 948 1313 traditione
984 1256 1512 1313 transmissusmos
1540 1257 1666 1311 fuit.
1695 1258 1821 1312 Haec
1853 1260 2027 1330 enim,
2059 1262 2246 1320 Chris-

323 1381 349 1411 «
380 1358 547 1414 ticola
579 1358 909 1432 imperator,
941 1374 1211 1432 suprema
1240 1361 1323 1412 est
1357 1355 1734 1412 Ecclesiarum
1758 1354 1872 1430 Dei,
1903 1356 1960 1413 in
2002 1378 2112 1433 qua
2148 1363 2243 1420 Pe-

322 1480 348 1512 «
384 1464 508 1515 trus
537 1457 725 1515 sedem
754 1457 977 1534 primus
1014 1456 1220 1526 tonuit,
1253 1456 1322 1512 ad
1369 1474 1538 1530 quem
1566 1455 1836 1512 Dominus
1871 1456 2009 1516 dixit
2041 1480 2050 1514 :
2086 1461 2157 1517 Tu
2188 1482 2242 1519 es

320 1581 347 1614 «
381 1559 647 1625 Petraia...
676 1580 703 1612 »
738 1558 903 1632 (libri
929 1559 990 1631 ΙΙ,
1017 1557 1251 1632 epistola
1280 1577 1486 1628 Lxxxw,
1523 1563 1674 1612 tomo
1701 1555 1896 1627 citato,
1927 1558 2235 1634 col.1551).

348 1718 352 1719 ff
393 1659 498 1724 Qui
533 1658 854 1714 Romanum
888 1656 1214 1713 Pontificem
1249 1657 1417 1712 habet
1462 1660 1733 1728 tanquam
1760 1662 1973 1728 petram
2004 1655 2128 1726 fidei
2158 1676 2239 1712 su-

310 1778 409 1832 per
444 1778 598 1831 quam
645 1760 912 1830 aedificata
945 1767 1024 1814 est
1069 1758 1327 1813 catholica
1364 1757 1638 1822 Ecclesia,·
1666 1763 1938 1829 tanquam
1977 1756 2125 1812 illum
2164 1760 2239 1815 cui

315 1859 453 1914 cli-rit
477 1857 719 1914 Christus
752 1880 766 1911 :
797 1859 1148 1931 Confirmabis
1166 1857 1368 1928 fratres
1394 1866 1511 1912 tuos
1532 1878 1549 1921 ;
1569 1863 1841 1929 tanquam
1867 1856 2035 1927 facem
2055 1856 2230 1911 divini-

283 1965 397 2012 ’τηε
449 1957 702 2013 lucentem
756 1958 826 2013 acl
872 1957 1282 2030 Ecclesiaessquae
1334 1958 1426 2012 sub
1473 1956 1595 2013 coelo
1644 1964 1722 2011 est
1765 1957 2233 2022 illiminationem}

290 2062 589 2133 „tanquam
617 2059 838 2114 illimem
867 2077 926 2113 ac
953 2060 1212 2115 sincerum
1235 2057 1435 2128 fontem
1456 2058 1771 2113 orthodooeae
1790 2057 1913 2130 fidei
1932 2078 1947 2120 ,·
1969 2061 2238 2129 tanquam

317 2158 659 2231 tranquillum
696 2166 927 2231 portum,
965 2160 1234 2214 universae
1281 2158 1528 2214 Ecclesiae
1566 2156 2240 2243 praeparatum-adversus

314 2276 516 2314 omnem
556 2259 863 2313 haereticam
906 2258 1194 2331 procellam
1215 2281 1232 2323 ,·
1262 2263 1533 2331 tanquam
1579 2259 1843 2313 luminare
1878 2272 2232 2328 ¹niczymmiau-

307 2376 545 2431 premam
587 2359 958 2414 oecmnenicum
980 2380 995 2423 ;
1035 2363 1305 2429 tanquam
1351 2356 1688 2432 Episcopum
1724 2355 1792 2411 ad
1818 2370 1987 2430 quem
2021 2355 2078 2410 in
2101 2373 2232 2411 con·
2289 2401 2294 2404 Δ

311 2458 596 2514 troversiis
634 2457 758 2514 fidoi
800 2456 1211 2513 recurrendum
1243 2462 1326 2513 est
1359 2462 1411 2512 et
1443 2475 1472 2512 a
1505 2476 1614 2530 quo
1645 2456 1953 2529 accipienda
1979 2456 2105 2527 fidei
2128 2473 2248 2514 cer--

310 2559 481 2614 titudo
501 2580 518 2623 ,·
552 2558 650 2631 qui
690 2558 923 2615 demum
973 2556 1170 2614 Sedem
1202 2557 1511 2613 Romanam
1542 2557 1709 2613 hahet
1739 2563 2013 2631 tanquam
2046 2573 2228 2630 supre-

307 2677 446 2714 mam
483 2659 674 2716 sedem
716 2662 766 2715 in
809 2678 908 2733 qua
940 2658 1182 2716 Christus
1227 2659 1390 2714 claves
1428 2660 1604 2732 posuit
1630 2659 1796 2730 siclei5
1832 2657 1927 2714 ille
1979 2655 2227 2731 profecto

307 2756 668 2814 infallibilem
696 2758 755 2813 in
780 2758 1136 2815 decernenda
1167 2757 1277 2814 fide
1308 2757 1625 2814 Romanum
1654 2755 1979 2812 Pontificem
2005 2755 2227 2830 profite-

308 2862 402 2912 tur
429 2861 481 2910 et
510 2856 863 2931 pronuntiat.
900 2857 959 2910 Et
1001 2861 1155 2912 notet
1189 2856 1366 2912 lector
1401 2873 1571 2929 quam
1605 2859 1796 2929 aperte
1840 2853 1928 2910 his
1977 2837 2320 2931 textibusfssf'

305 2956 638 3014 excludatur
683 2954 1050 3011 Bossuetiana
1101 2954 1407 3025 cavillatio,
1448 2954 1640 3010 sedem
1668 2953 1817 3010 inter
1851 2959 1905 3011 et
1936 2954 2223 3014 sedentem

306 3055 664 3129 distinguens
678 3099 690 3112 .
2310 3005 2320 3117 1

379 3142 667 3211 ΡΒοΡοέιΤιο
693 3153 841 3210 XIXa.
865 3152 1155 3210 *Saeculo
1187 3169 1328 3207 nono
1361 3153 1585 3223 viquisse
1609 3152 1673 3208 de
1698 3150 1922 3209 Romani
1945 3153 2221 3227 Pontificis
2311 3119 2318 3171 ⁴

302 3260 598 3314 inerrcmtia
620 3255 1023 3330 persuasionem
1061 3260 1291 3322 constat,
1325 3268 1389 3307 ea:
1416 3251 1590 3308 AEnea
1618 3252 1913 3309 Parisiensi
1951 3255 2215 3327 episcopo·
2305 3201 2315 3301 1

308 3392 374 3409 Ἰ-
394 3355 630 3433 Scripsit
671 3355 868 3411 AEneas
896 3353 963 3410 de
1002 3352 1264 3409 Ecclesiae
1294 3351 1499 3409 Latinae
1529 3370 1658 3408 cum
1693 3353 1876 3410 Graeca
1900 3358 2219 3412 controver-
2301 3304 2311 3443 1

301 3457 419 3516 siis.
450 3459 511 3513 In
538 3457 702 3532 cujus
726 3453 858 3511 libri
877 3453 1133 3530 prologo,
1150 3457 1454 3527 postquam
1478 3452 1812 3514 memoravit
1835 3454 2024 3528 plures
2047 3452 2214 3510 exsti·
2301 3447 2305 3468 ¹

296 3559 434 3617 tisse
456 3560 511 3615 in
545 3553 1164 3630 Constantinopolitana
1190 3552 1324 3610 sede
1347 3552 1639 3610 haereticos
1671 3554 1964 3629 praesuleS,
1998 3553 2079 3611 sic
2095 3571 2216 3628 per·
2247 3592 2251 3596 -
2316 3587 2320 3589 -

259 3703 263 3707 .
298 3657 376 3727 git
409 3681 420 3713 :
448 3647 481 3712 ἀ
519 3658 639 3715 Non
679 3673 810 3714 vero
842 3655 901 3711 in
938 3651 1191 3710 R‘omana
1215 3650 1374 3722 Sede,
1402 3652 1506 3710 Deo
1532 3658 1772 3726 rectore,
1813 3653 1921 3710 tale
1956 3669 2210 3724 unquam
