2372 4108
899 219 1023 268 PARS
1051 215 1217 267 PRIMA.
1917 209 2000 261 151

199 329 252 386 6.
289 326 348 383 In
378 327 597 384 decreto
631 327 1026 399 damnationis,
1053 345 1225 400 quam
1261 322 1642 401 pronuntiavit
1674 326 1866 380 contra
1897 321 2004 378 Cae-

122 427 450 494 sariensem,
476 426 1167 501 Constantinopolitanum,
1195 431 1249 481 et
1273 424 1412 480 alios
1457 422 1754 480 orientales
1783 420 2005 496 Episco-

125 541 256 598 pos:
291 545 318 576 «
339 523 413 578 Ex
450 541 686 598 persona
719 528 773 578 et
798 521 1129 578 auctoritate
1161 519 1310 576 beati
1347 517 1784 594 Petri‘Apostoli‚
1822 518 2004 592 cujUS,

123 622 250 678 licet
282 621 490 694 exigui,
525 639 623 677 nos
667 621 853 676 locum
893 618 1215 692 gerimus...
1255 619 1357 674 hac
1403 623 1459 673 te
1490 616 1862 686 Theodorum,
1907 616 2011 673 Cae-

126 738 292 778 sareae
316 719 669 795 Cappadociae
712 718 952 775 civitatis
997 716 1283 790 quondam
1313 716 1675 790 Episcopum,
1723 716 2011 773 sententiae

126 818 587 895 promulgatione,
630 823 745 874 tam
788 815 1119 874 sacerdotali
1155 816 1365 871 honore
1395 820 1450 870 et
1485 814 1885 870 communione
1924 831 2012 870 ca-

128 918 350 988 tholica,
379 935 548 990 quam
573 916 727 973 omni
749 915 930 972 officio
953 913 1262 989 Episcopali
1286 931 1382 969 seu
1413 918 1682 988 potestate
1709 912 2010 988 spoliatum

129 1032 247 1072 esse
279 1015 656 1082 decernimus;
692 1013 863 1070 nullis
896 1018 951 1068 te
981 1030 1176 1067 vacare
1210 1011 1449 1067 ulterius
1488 1011 1655 1067 rebus
1685 1010 1794 1066 nisi
1836 1009 2011 1084 poeni-

129 1113 313 1171 tentiae
340 1113 600 1188 lacrymis
638 1116 958 1168 censentes:
994 1109 1200 1182 quihus
1239 1113 1496 1183 percepta
1530 1107 1862 1165 remissione
1893 1108 2012 1163 cul-

130 1231 347 1287 parum,
388 1212 574 1268 locum
607 1210 1179 1283 communionemque
1212 1216 1368 1266 tuam
1411 1215 1506 1264 aut
1550 1227 1579 1263 a
1611 1226 1723 1278 me,
1762 1212 1857 1264 aut
1890 1213 2015 1283 post

131 1311 343 1367 obitum
396 1327 583 1365 meum
622 1326 652 1362 a
688 1325 1005 1364 successore
1050 1326 1173 1364 meo
1215 1308 1283 1382 (si
1328 1307 1619 1378 merueris)
1669 1306 2015 1379 indulgentia

134 1409 388 1482 recipias.
426 1409 610 1478 Teque
639 1406 889 1460 Mennam
927 1406 1544 1480 Constantinopolitanae
1585 1405 1823 1460 civitatis
1865 1405 2014 1478 Epis-

138 1523 357 1580 copum,
385 1506 480 1578 qui
511 1522 621 1560 non
653 1502 910 1558 dissimili
933 1502 1097 1577 culpa
1124 1503 1544 1576 constringeris,
1594 1521 1722 1559 cum
1754 1502 2016 1559 omnibus

141 1601 574 1676 metropolitanis
604 1605 654 1655 et
685 1598 1122 1670 micropolitanis
1144 1599 1427 1674 Episcopis
1458 1600 1525 1654 ad
1554 1605 1707 1655 tuam
1730 1599 2014 1655 dioecesim

138 1699 562 1772 pertinentibUS,
599 1696 693 1752 sed
725 1702 776 1751 et
807 1701 931 1752 tuos
967 1698 1334 1753 orientales...
1370 1698 1583 1752 tamdiu
1612 1716 1641 1751 a
1676 1716 1831 1753 sacra
1863 1716 2013 1754 com-

137 1792 396 1848 munione
427 1791 838 1865 suspendimus,
871 1792 1044 1848 donec
1070 1792 1461 1864 unusquisque
1489 1799 1735 1848 vestrum
1764 1811 2012 1851 errorem

134 1905 243 1944 suae
281 1887 741 1962 praevaricationis
783 1905 1109 1961 agnoscenS,
1151 1889 1371 1963 culpam
1411 1890 1556 1963 apud
1592 1907 1694 1945 nos
1729 1890 2011 1965 propriam

132 1986 460 2060 competenti
524 1986 897 2043 satisfactione
959 1986 1186 2043 diluerit
1247 2009 1272 2039 »
1367 1988 1767 2060 (Conciliorum
1836 1989 2013 2047 Lahbe

131 2090 277 2140 tomo
296 2084 356 2153 V,
383 2085 486 2140 col.
521 2085 651 2154 556,
685 2085 816 2141 edit.
847 2086 1094 2157 Parisiis,
1123 2071 1312 2159 1671).
1341 2087 1490 2144 Hanc
1523 2089 1856 2145 sententiam
1884 2107 2012 2164 pro-

132 2182 402 2239 nuntiavit
427 2183 658 2256 vigilius
686 2202 813 2240 cum
853 2191 996 2240 esset
1022 2185 1081 2240 in
1107 2191 1254 2242 terra
1289 2186 1487 2256 aliena,
1525 2187 1580 2242 id
1615 2194 1718 2257 est,
1752 2188 2013 2244 Constan-

132 2279 380 2354 tinopoli.
425 2281 502 2337 Ibi
538 2300 758 2356 nempe,
798 2282 854 2337 in
889 2283 1127 2339 Ecclesia
1163 2284 1340 2340 sancti
1378 2285 1522 2341 Petri
1565 2286 1653 2351 (ad
1691 2305 1857 2359 quam
1886 2305 2013 2343 con-

135 2374 364 2447 fugerat,
405 2383 466 2433 ut
514 2377 901 2434 ministrorum
942 2379 1296 2453 imperatoris
1341 2381 1632 2438 violentias
1683 2383 2009 2455 declinaret)

136 2473 435 2530 convocatis
477 2493 615 2547 quos
666 2476 845 2549 potuit
896 2476 1087 2532 latinis
1136 2478 1444 2553 Episcopis,
1497 2480 1825 2536 acerrimam
1870 2483 2012 2537 hanc

133 2566 490 2642 depositionis
539 2578 592 2627 et
637 2574 1230 2630 excommunicationis
1268 2576 1599 2632 sententiam
1639 2577 1832 2632 edidit.
1873 2578 2009 2633 Cum

130 2662 179 2717 ei
197 2665 318 2736 quis
338 2666 578 2723 dedisset
605 2669 846 2743 alapam,
876 2670 1066 2726 dicens
1092 2692 1102 2724 t
1126 2671 1419 2739 Homicida,
1443 2675 1612 2728 nescis
1633 2674 1813 2746 quibus
1836 2675 2010 2747 quue-

128 2762 222 2830 riS,
260 2780 358 2818 nec
391 2781 450 2820 se
480 2770 665 2822 tutum
705 2766 1175 2842 Constantinopoli
1206 2768 1571 2840 existimaret,
1598 2770 1811 2843 aufugit
1854 2776 2009 2827 trans

127 2857 543 2933 Calchedonem,
591 2864 779 2937 ibique
812 2866 869 2920 in
907 2866 1145 2923 Ecclesia
1188 2873 1391 2924 sanctae
1427 2868 1746 2943 Euphemiae
1779 2869 2005 2943 degenS,

125 2956 348 3030 scripsit
393 2960 460 3016 de
515 2962 602 3018 his
648 2964 963 3038 epistolam,
997 2969 1237 3022 universo
1275 2968 1467 3040 populo
1508 2968 1607 3024 Dei
1648 2968 2003 3042 inscriptam;

126 3069 294 3122 quam
329 3058 660 3130 encyclicam
694 3061 818 3117 vide
862 3063 1009 3136 apud
1048 3063 1228 3119 Lahbe
1263 3064 1388 3138 (loc.
1431 3065 1551 3132 cit.,
1590 3066 1694 3121 001.
1735 3065 1887 3135 528).
1928 3064 2006 3118 Ad

128 3148 229 3203 hoc
276 3155 389 3205 tam
432 3155 789 3212 manifestum
830 3160 1296 3231 jurisdictionalis
1337 3163 1610 3236 primatus
1653 3162 2003 3231 exercitium,

126 3243 259 3314 quid
300 3244 647 3304 Justinianus
686 3250 1007 3326 imperator,
1045 3256 1181 3326 quid
1221 3257 1525 3312 Orientales
1555 3256 1842 3329 Episcopi?
1881 3256 2006 3312 Sese

123 3339 317 3414 vigilio
358 3345 732 3417 subjecerunt.
773 3349 1123 3406 Justinianus
1166 3353 1372 3408 seilicet
1426 3353 1776 3426 promulgata
1815 3358 1867 3410 et
1910 3373 2004 3430 ap⁴

125 3456 291 3511 pensa
317 3441 382 3497 de
418 3442 598 3499 tribus
638 3444 896 3519 capitulis
939 3446 1118 3503 edicta
1149 3448 1419 3503 removeri
1440 3448 1628 3521 jussit,
1664 3455 1716 3505 et
1759 3450 1900 3507 nihil
1935 3453 2002 3509 de
2043 3467 2047 3469 ·

124 3535 192 3592 iis
211 3544 336 3595 ante
359 3542 675 3613 generalem
694 3545 989 3618 synodum,
1027 3551 1191 3618 prout
1211 3544 1443 3618 Vigilius
1475 3556 1832 3623 praeceperat,
1858 3555 2001 3608 trac-

123 3636 230 3692 tari
259 3640 556 3699 mandavit.
583 3643 935 3700 Caesariensis
969 3643 1274 3718 Episcopus
1299 3644 1487 3703 libello
1523 3648 1760 3724 supplici
1785 3651 1999 3708 veniam
