2320 4010
865 207 993 255 PARS
1024 205 1262 253 SECUNDA.
1920 203 2008 249 555

129 331 248 386 erqo
282 315 531 369 nonestis
567 310 824 368 catholici.
861 308 1211 384 Respondere
1241 306 1553 382 potuissent
1578 303 1871 361 Donatistae
1899 323 1910 357 :
1946 303 2009 359 Ut

128 409 304 466 simus
334 409 589 466 catholici
633 425 857 464 necesse
897 424 1010 462 non
1045 410 1127 461 est
1152 403 1486 461 concordare
1525 421 1626 460 nos
1674 408 1729 458 et
1762 418 2011 470 coinmuf

131 507 353 563 nionem
381 506 581 562 habere
606 523 733 561 cum
760 503 998 559 Ecclesia
1027 501 1291 566 Romana3
1323 517 1453 572 ergo
1483 517 1548 556 ex
1573 517 1637 555 eo
1678 497 1826 571 quod
1852 496 2012 553 nobis

130 604 566 660 consentientem
602 619 714 656 non
752 601 1054 655 habeamus
1082 597 1382 653 Ecclesiam
1407 596 1734 664 Romanam,
1773 613 1885 650 non
1926 612 2010 651 se-

132 700 326 772 quitur
353 717 452 754 nos
476 714 583 752 non
606 714 724 753 esse
746 694 1067 751 catholicos.
1095 692 1199 747 Sed
1222 693 1326 747 hoc
1353 709 1686 766 responsum
1712 709 1825 747 non
1850 691 2014 748 time-

130 794 222 848 bat
246 792 606 863 Augustinus;
636 791 766 863 quia
807 795 956 845 certa
985 787 1132 862 apud
1164 805 1354 842 omnes
1385 792 1501 842 erat
1529 787 1828 843 necessitas
1864 806 2014 843 com-

129 887 450 943 munionem
485 893 536 942 et
562 885 689 941 fidei
725 885 994 940 unitatem
1032 882 1285 938 servandi
1319 899 1445 935 curn
1473 882 1713 936 Ecclesia
1742 883 2007 940 Romana.

127 985 232 1040 Nec
271 983 375 1057 ipsi
408 982 701 1038 Donatistae
737 998 857 1036 earn
898 979 1283 1035 necessitatem
1322 977 1616 1050 negabant;
1660 977 1755 1032 sed
1795 978 2012 1034 dictita-

126 1081 257 1136 bant
285 1099 411 1136 cum
444 1079 576 1153 ipsis
602 1078 916 1134 consentire
939 1077 1248 1132 Romanum
1282 1074 1617 1140 Pontificem;
1649 1092 1779 1130 eum
1805 1075 2010 1131 inlelli-

129 1183 320 1249 gentes
345 1194 509 1249 quem
526 1175 754 1230 Romam
776 1173 1040 1229 miserant
1066 1179 1116 1228 et
1144 1172 1238 1244 qui
1263 1189 1320 1227 se
1336 1170 1653 1226 Romanum
1678 1171 2011 1246 Episcopum

132 1281 181 1329 et
208 1273 352 1328 Petri
378 1289 746 1327 successorem
773 1271 1028 1342 fingebat.
1058 1270 1414 1343 Nequaquam
1450 1286 1578 1339 ergo
1604 1268 1775 1323 dubia
1798 1270 2011 1342 Augus-

134 1370 251 1425 tino
295 1368 395 1422 suit
425 1367 720 1421 necessitas
764 1366 821 1419 in
857 1366 962 1420 fide
999 1365 1358 1420 conveniendi
1397 1382 1523 1419 cum
1564 1365 1807 1420 Romana
1852 1366 2008 1422 Sede.

135 1464 237 1519 Sed
277 1463 567 1517 admittere
595 1463 735 1516 hanc
766 1462 1173 1531 necessitatem,
1206 1462 1350 1515 idem
1380 1466 1459 1516 est
1488 1478 1549 1515 ac
1580 1460 1929 1518 infallibilem
1955 1464 2013 1518 in

138 1562 241 1616 fide
282 1559 593 1615 existimare
622 1559 812 1615 Sedem
846 1558 1230 1632 Apostolieam3
1276 1576 1403 1612 curn
1443 1565 1710 1631 repugnet
1753 1560 2013 1633 obligatio

137 1655 391 1711 credendi
421 1653 594 1709 errori
629 1654 711 1707 vel
744 1654 960 1709 haeresi.
992 1654 1166 1716 Quam
1194 1654 1526 1724 caeteroquin
1559 1653 2014 1710 infallibilitatem

139 1756 322 1826 aperte
353 1749 530 1804 innuit
560 1749 904 1820 Augustinus
944 1767 1092 1815 cum,
1133 1748 1477 1821 praemonitis
1515 1749 1817 1826 Donatistis
1852 1757 1915 1805 ut
1959 1755 2013 1805 in

139 1849 317 1902 ordine
342 1846 428 1901 illo
451 1863 798 1900 successorum
824 1847 968 1900 Petri
996 1847 1209 1900 videant
1236 1849 1346 1917 quis
1369 1848 1451 1900 cui
1475 1850 1799 1917 successerit,
1822 1847 2012 1902 statim

135 1940 303 2009 addit,
328 1943 438 2013 ipsa
457 1949 531 1995 est
552 1942 712 1995 Petra
740 1959 890 2011 quam
915 1959 1018 1994 non
1041 1943 1244 1995 vincunt
1260 1942 1492 2012 superbae
1514 1941 1806 2010 inferorum
1825 1950 2009 2016 portae.

133 2037 394 2091 Gallicani
422 2037 515 2110 qui
543 2037 836 2093 admissam
862 2038 928 2094 ab
955 2037 1256 2109 Augustino
1284 2042 1484 2108 negant
1513 2037 1665 2093 Sedis
1686 2039 2015 2113 Apostolicae

135 2133 189 2188 in
212 2134 508 2190 sancienda
536 2134 639 2190 fide
667 2134 1048 2203 inerrantiam,
1076 2153 1385 2207 numquam
1411 2141 1671 2209 poterunt
1698 2139 2013 2212 expositum

135 2233 506 2309 Hypponensis
526 2233 778 2308 praesulis
802 2233 1160 2288 ratiocinium
1182 2233 1239 2286 in
1267 2232 1451 2305 aliquo
1475 2251 1585 2288 non
1614 2235 1821 2290 absono
1846 2253 2013 2291 sensu

138 2330 425 2402 explicare.

218 2422 277 2478 ΙΙ.
310 2425 386 2479 Ad
422 2443 537 2480 rem
576 2426 789 2480 faciunt
819 2432 971 2497 gesta
1009 2431 1201 2480 contra
1243 2425 1590 2496 pelagianam
1631 2426 1914 2495 haeresim,
1960 2427 2016 2480 in

143 2519 338 2591 quibus
370 2522 630 2578 maximas
665 2528 849 2596 partes
882 2523 1078 2577 habuit
1103 2521 1468 2593 Augustinus,
1505 2522 1564 2575 In
1591 2522 1839 2598 synodali
1871 2522 2015 2596 epis-

145 2615 248 2670 tola
297 2616 738 2690 Carthaginensis
790 2618 1012 2673 concilii
1064 2617 1131 2671 ad
1179 2617 1564 2672 Innocentium
1587 2656 1589 2659 -
1612 2618 1649 2687 1,
1701 2619 1831 2673 anni
1882 2619 2015 2690 416,

139 2718 426 2785 postquam
463 2717 774 2771 retulerunt
814 2722 1000 2788 patres
1029 2714 1211 2769 visum
1244 2715 1349 2770 sibi
1383 2716 1730 2770 anathemari
1765 2724 2018 2790 oportere

138 2806 407 2880 Pelagium
447 2817 501 2866 et
531 2811 867 2880 Coelestium,
899 2812 977 2867 sic
1005 2812 1217 2866 addunt
1249 2832 1258 2863 ε
1305 2812 1412 2867 Hoc
1452 2815 1629 2884 itaque
1668 2822 1886 2884 yestum,
1927 2816 2019 2869 ‹Io-

138 2906 273 2960 mine
289 2907 475 2975 frater,
498 2915 693 2963 sanctae
713 2910 924 2964 caritati
953 2917 1050 2963 tuae
1074 2910 1418 2963 intimandnm
1444 2911 1710 2979 (luximus,
1735 2918 1791 2965 ut
1814 2913 2018 2965 statutis

135 3009 327 3056 nostrae
352 3004 721 3059 mediocritatis
755 3008 913 3060 etiam
952 3006 1263 3078 Apostolicae
1299 3006 1451 3061 Sedis
1485 3008 1795 3061 adhibeatur
1838 3013 2018 3059 aucto-

139 3097 294 3160 ritas,
321 3112 418 3164 pro
451 3098 643 3149 tuenda
679 3098 845 3151 salute
882 3102 1182 3167 multorum,
1215 3108 1265 3154 et
1305 3102 1646 3171 quorumdam
1676 3101 2021 3170 perversitate

145 3190 294 3240 etiam
322 3189 626 3257 corriyenda
663 3189 828 3260 (inter
853 3193 1142 3263 Augustini
1181 3194 1443 3265 epistolas
1482 3193 1778 3247 centesima
1806 3199 2021 3266 septua-

144 3281 350 3352 gesima
412 3282 603 3352 quinta
628 3324 642 3350 ,
699 3284 755 3336 in
819 3285 1060 3341 editione
1123 3287 1604 3341 Benedictinorum
1628 3331 1643 3356 ,
1707 3293 1750 3341 t.
1792 3287 1864 3357 11,
1909 3289 2015 3344 col.

142 3377 295 3448 618»
1872 3446 1881 3453 ·

217 3476 382 3530 Suam
427 3476 614 3531 eodem
657 3493 802 3531 anno
847 3476 1135 3550 epistolam
1182 3478 1249 3533 ad
1285 3478 1664 3534 Innocentium
1713 3482 1733 3535 Ι
1774 3481 2019 3539 direxere

146 3573 363 3627 concilii
396 3571 685 3628 Milevitani
717 3574 902 3628 Patres
934 3595 944 3627 :
978 3572 1108 3639 Quia
1143 3582 1212 3643 te,
1239 3573 1525 3647 inquiunt,
1559 3576 1809 3634 Dominus
1830 3583 2016 3652 qratiae
2072 3595 2076 3599 ’
