2320 4010
54 255 65 266 -
76 272 97 304 ἱ
841 223 963 270 PARS
993 220 1231 268 SECUNDA.
1885 217 1976 263 525

18 327 22 330 ’
103 338 428 407 congrueret
443 328 828 402 Joannixxnt,
853 329 907 383 in
935 327 1203 384 sententia
1233 330 1427 382 contra
1453 326 1602 379 hunc
1624 322 1770 379 edita
1791 321 1974 378 decla-

110 437 294 486 ratum
322 448 433 485 non
455 428 675 501 legitur.
967 431 971 436 ’

185 548 212 578 «
235 525 393 582 Vides
420 523 665 592 interim,
682 523 885 595 quibus
905 521 1085 578 modis
1106 520 1290 576 divina
1313 517 1658 594 providentia
1676 534 1776 573 usa
1798 522 1881 573 est
1906 515 1974 571 ad

108 620 438 678 abolendum
484 638 580 694 per
630 620 1099 675 constantiensem
1150 615 1425 692 synodum
1461 613 1973 689 pertinacissimum

109 717 369 787 schisma,
405 722 467 771 ut
493 733 562 770 ne
590 733 729 789 opus
757 720 900 770 esset
926 713 1178 770 eamdem
1207 710 1479 786 synodum
1508 710 1807 784 quicquam
1833 708 1977 781 juris

107 831 355 871 exercere
383 812 450 868 ad
489 811 878 886 deponendum
910 827 1007 865 sua
1042 808 1375 863 auctoritate
1407 791 1727 879 quempiam
1759 821 1977 872 verum,

106 909 230 964 licet
255 910 524 980 ignotum,
547 906 814 961 actualem
832 902 1167 958 Pontificem.
1194 901 1517 970 Gregorium
1542 900 1714 969 enim,
1732 900 1826 969 qui
1853 916 1979 970 pro·

103 1002 339 1058 habilius
362 1006 477 1055 erat
491 1017 653 1055 verus
668 1006 722 1054 et
734 998 1015 1070 legitimus
1032 998 1195 1069 Papa,
1222 1012 1329 1050 non
1345 994 1621 1067 deposuit,
1635 1011 1764 1047 cum
1781 998 1977 1065 sponte

102 1097 345 1154 cesserit.
374 1074 641 1152 Ioannem
683 1113 811 1150 vero
839 1094 1010 1162 XXIII,
1046 1093 1091 1148 si
1121 1110 1283 1148 verus
1313 1090 1556 1145 Pontifex
1592 1089 1762 1144 fuisse
1790 1087 1980 1143 creda-

105 1197 218 1260 tur,
249 1191 499 1265 deposuit
530 1191 782 1263 quidem,
813 1190 911 1246 sed
935 1207 999 1244 ex
1028 1189 1146 1261 ejus
1178 1188 1457 1243 voluntate
1481 1191 1648 1256 atque
1680 1201 1976 1250 consensu,

107 1290 200 1361 qui
227 1289 462 1343 cessioni
496 1289 801 1361 aequivalet.
823 1288 1019 1342 -Solum
1047 1286 1403 1341 Benedictum
1430 1284 1539 1337 XIII
1565 1288 1686 1355 post
1712 1283 1980 1337 adunatas

110 1385 443 1441 obedientias
477 1385 729 1458 deposuit
758 1385 1011 1451 invitum,
1042 1403 1169 1438 cum
1207 1399 1444 1437 renuens
1472 1380 1728 1435 accedere
1763 1379 1831 1434 ad
1856 1378 1982 1432 uni-

114 1488 278 1536 tatem
325 1489 376 1537 et
420 1481 766 1536 Pontificatui
830 1481 1043 1546 cedere,
1087 1479 1390 1554 persistens
1439 1475 1880 1552 pertinacissime
1924 1475 1980 1529 in

112 1577 397 1633 manifesta
429 1579 780 1651 separatione
808 1597 837 1632 a
871 1583 1103 1650 cor'pore
1131 1576 1386 1642 Ecclesiae
1411 1573 1694 1630 catholicae
1714 1574 1829 1646 jam
1847 1573 1983 1627 adu-

113 1677 276 1744 natae,
321 1691 439 1728 sese
468 1673 892 1728 schismaticum
920 1680 973 1728 et
1017 1673 1336 1727 haereticum
1374 1670 1635 1744 prodidit,
1666 1689 1729 1725 ex
1769 1688 1878 1741 quo
1928 1670 1981 1724 in

111 1767 468 1840 depositionis
503 1770 773 1824 sententia
827 1769 1009 1842 ipsum
1057 1768 1300 1841 synodus
1334 1767 1650 1822 schismatis
1687 1773 1739 1821 et
1765 1766 1986 1822 haeresis

110 1865 426 1919 nominibus
455 1865 522 1919 ab
563 1857 798 1920 Ecclesia
841 1866 1156 1938 praecisum,
1190 1870 1240 1919 et
1285 1863 1610 1918 Pontificatu
1656 1881 1819 1934 quem
1850 1880 1986 1935 prae-

107 1960 363 2014 tendehat
391 1960 706 2033 depositum
736 1961 1056 2029 declaravit,
1092 1961 1450 2034 potiusquam
1483 1960 1756 2032 deposuit.
1795 1960 1987 2014 Neces-

110 2056 242 2111 sitas
282 2073 410 2127 crgo
455 2057 703 2121 remedii,
745 2075 809 2113 ex
850 2075 958 2129 qua
991 2057 1229 2130 generali
1280 2056 1515 2111 concilio
1545 2057 1638 2129 jus
1678 2056 1986 2110 coactivum

110 2151 467 2205 tribuendum
513 2153 848 2208 credebatur
905 2172 1070 2227 supra
1115 2152 1406 2207 Pontifices
1439 2151 1495 2205 in
1538 2151 1990 2206 extraordinariis

114 2244 333 2298 casibus
379 2247 696 2300 memoratis
721 2265 750 2300 a
782 2246 1209 2314 Constantiensi,
1246 2264 1306 2300 ac
1335 2245 1640 2317 praesertim
1665 2246 1723 2298 in
1773 2245 1991 2300 diflicil-

116 2336 249 2390 limo
275 2337 393 2407 ejus
424 2338 690 2410 temporis
723 2339 1043 2405 schismate,
1067 2339 1343 2410 quomodo
1371 2338 1680 2407 evanuerit,
1714 2357 1779 2394 ex
1808 2341 1991 2394 hacte-

120 2451 226 2488 nus
256 2434 552 2508 disputatis
584 2434 817 2507 quisque
838 2435 1127 2507 intelliget.
1163 2457 1188 2486 »
1608 2433 1612 2437 ”

196 2531 269 2586 Ita
312 2531 535 2602 quidem
571 2530 919 2586 clarissimus
963 2530 1245 2586 Ballerini.
1289 2531 1395 2602 Ego
1445 2548 1570 2586 vero
1611 2549 1721 2585 non
1759 2531 1990 2587 admitto

120 2645 279 2699 posse
310 2646 499 2683 verum
520 2628 716 2701 Papam
755 2628 810 2682 in
837 2628 1069 2683 schisma
1097 2635 1191 2683 aut
1233 2628 1480 2683 haeresim
1510 2628 1644 2698 labi,
1673 2629 1838 2684 etiam
1871 2647 1990 2684 sese

118 2722 415 2778 scindendo
441 2725 509 2778 ab
550 2724 802 2779 Ecclesiae
831 2742 1079 2798 corpore.
1131 2724 1361 2779 Proinde
1383 2744 1492 2780 non
1518 2725 1744 2781 admitto
1767 2727 1988 2780 Petrum

118 2818 184 2873 de
208 2819 376 2887 Luna,
399 2820 443 2874 si
472 2820 609 2875 sorte
633 2821 796 2876 suerit
829 2821 1111 2892 legitimus
1136 2822 1460 2894 P011tifex,‚e
1490 2829 1692 2896 papatu
1722 2823 1990 2878 excidisse

121 2922 391 2984 quatenus
433 2917 851 2973 schismaticum
892 2925 942 2974 et
995 2920 1335 2975 haereticum.
1373 2920 1474 2974 Sed
1508 2922 1614 2976 alia
1646 2922 1731 2975 via
1762 2922 1989 2976 devenio

123 3008 187 3062 ad
218 3010 464 3065 eamdem
490 3014 927 3084 conclusionem,
952 3016 1006 3070 id
1027 3025 1128 3086 est,
1152 3035 1181 3072 a
1208 3018 1458 3073 Patribus
1477 3017 1989 3072 Constantiensibus

125 3103 287 3158 tinem
322 3106 603 3163 schismati
626 3110 943 3183 impositum
971 3117 1090 3185 quin
1109 3116 1267 3168 ullam
1292 3116 1716 3185 jurisdictionem
1740 3114 1793 3164 in
1816 3130 1991 3167 verum

125 3198 320 3270 Papam
361 3205 702 3259 exercuerint.
757 3207 1034 3262 Nimirum
1081 3210 1180 3263 hac
1218 3209 1432 3263 ratione
1471 3230 1481 3261 :
1522 3214 1647 3262 ante
1690 3207 1906 3261 Martini
1953 3209 1991 3262 V

124 3293 445 3349 electionem
496 3297 608 3367 jam
657 3306 869 3354 certum
922 3307 974 3354 et
1024 3302 1304 3355 notorium
1354 3308 1594 3355 evaserat
1642 3302 1863 3357 Petrum
1925 3302 1990 3358 de

125 3389 268 3443 Luna
318 3409 424 3445 non
479 3410 596 3448 esse
653 3412 841 3448 verum
889 3395 1241 3462 Pontificem3
1290 3402 1478 3470 utpote
1526 3397 1623 3470 qui
1667 3398 1736 3453 de
1772 3399 1913 3454 sacto
1959 3417 1988 3455 a

124 3488 234 3536 tota
284 3486 614 3556 generaliter
647 3487 881 3542 Ecclesia
922 3489 1221 3545 derelictus
1276 3491 1476 3562 fuerat,
1512 3492 1658 3563 quod
1697 3511 1986 3566 nunquam

123 3580 301 3650 quoad
356 3600 541 3636 verum
583 3583 898 3638 Pontificem
933 3586 1254 3658 contingere
1291 3595 1486 3661 potest.
1545 3588 1602 3642 Id
1641 3606 1705 3643 ex
1742 3587 1984 3662 professo
