2372 4108
910 243 1032 290 PARS
1062 243 1228 289 PRIMA.
1925 242 2013 299 107

129 353 375 424 ParisiiS,
407 353 598 423 1721).
640 353 753 408 Non
780 358 995 428 poterat
1018 351 1431 423 Innocentiusl,
1463 348 1869 426 jurisdictionis
1910 350 2018 424 pri-

131 460 344 510 matum
373 451 726 508 manifestius
746 451 848 507 sibi
876 450 1143 519 tribuere,
1176 468 1345 522 quam
1379 451 1458 507 sic
1484 449 1872 507 constituendo
1907 448 2014 505 sibi

130 549 549 622 vicarium‚-qui
590 567 719 605 eum
771 547 1075 623 primatum
1122 563 1221 621 per
1262 554 1340 603 tot
1371 548 1683 621 provincias
1713 552 2012 604 exerceret.

131 646 305 706 lmmo
331 667 513 722 neque
539 648 595 704 id
618 653 860 703 mentem
886 647 1007 720 ejus
1042 646 1328 717 subiisset,
1349 647 1459 703 nisi
1480 652 1628 703 certa
1655 651 1707 703 et
1726 652 1880 703 extra
1901 665 2018 703 om-

133 767 257 805 nem
300 747 662 821 qnaestionem
727 746 874 819 apud
922 762 1115 800 omncs
1148 745 1452 801 catholicos
1508 745 1705 800 fuisset
1757 764 2019 820 suprema

131 845 381 921 Episcopi
420 844 652 900 Romani
685 844 740 898 in
780 842 1151 899 universalem
1193 843 1495 899 Ecclesiam
1529 842 1868 915 jurisdictio,
1914 845 2019 899 No-

133 951 430 1017 tcnturquc
462 943 627 999 verba
658 941 826 1016 paulo
858 947 984 998 ante
1016 941 1194 1016 posita
1224 962 1233 993 :
1288 963 1312 993 «
1341 941 1457 996 Non
1494 939 1759 1015 primitus
1787 942 1905 996 haec
1946 941 2019 996 ita

135 1046 460 1111 statuentes,
494 1039 589 1096 scd
620 1057 982 1114 praecessores
1013 1044 1234 1095 nostros
1264 1037 1610 1112 Apostolicos
1637 1037 1865 1093 imitati.
1890 1058 1918 1089 »

210 1142 262 1196 9.
309 1139 557 1214 Acceptis
590 1139 952 1195 Macedonum
979 1139 1379 1213 Episcoporum
1410 1137 1636 1204 litteris,
1672 1136 1751 1191 sic
1778 1136 1845 1191 ad
1877 1136 2028 1210 ipsos

136 1234 417 1309 rescripsit
435 1235 789 1290 Innocentius
815 1257 824 1288 :
851 1255 878 1286 «
901 1234 959 1288 ln
993 1234 1198 1306 quibus
1227 1233 1467 1304 (litteris)
1500 1232 1678 1287 multa
1698 1232 1877 1306 posita
1905 1249 2028 1307 pcr-

138 1334 247 1389 vidi
275 1351 396 1407 quae
423 1339 707 1407 stuporem
743 1333 1027 1388 mentibus
1060 1332 1267 1388 nostris
1300 1331 1699 1386 inducerent...
1746 1332 1874 1396 Quae
1900 1349 2027 1386 cum

144 1433 340 1506 stepins
380 1432 554 1506 repeti
600 1431 880 1501 fecissem,
928 1431 1134 1487 adverti
1182 1430 1306 1486 Sedi
1349 1430 1698 1503 Apostolicae,
1744 1430 1812 1485 ad
1855 1449 2022 1502 qnam

146 1528 333 1583 relatio
354 1529 522 1583 missa
541 1527 699 1599 quasi
719 1529 788 1582 acl
807 1535 960 1600 caput
980 1528 1330 1582 Ecclesiarmn
1348 1527 1628 1595 currebat,
1652 1528 1880 1599 aliquam
1908 1531 2026 1600 fieri

146 1626 408 1696 iujuriam,
465 1625 624 1698 cujus
674 1625 855 1679 adhuc
904 1625 955 1678 in
1007 1624 1332 1698 ambiguum
1383 1624 1656 1679 sententia
1704 1624 2020 1681 duceretur.

143 1719 290 1774 Unde
317 1721 382 1775 dc
416 1722 619 1793 quibus
644 1721 977 1792 jamdudum
1018 1721 1310 1794 scripsisse
1347 1722 1598 1787 memini,
1639 1740 1788 1776 nunc
1826 1722 2027 1778 iterare

102 1888 107 1895 ι
144 1816 376 1871 sormam
418 1817 760 1890 argumentis
807 1818 1263 1886 evidentiorihuS,
1298 1818 1585 1874 relationis
1626 1826 1821 1874 vestrae
1851 1822 2025 1892 gemi-

143 1917 268 1966 nata
295 1913 670 1987 percunctatio
698 1912 977 1987 compellit
1002 1933 1028 1964 »
1061 1913 1227 1986 (apud
1256 1914 1542 1983 Constant,
1570 1914 1817 1986 Epistola&
1845 1916 2030 1971 Roma-

142 2026 320 2064 norum
355 2011 695 2083 Pontificum,
729 2011 834 2066 col.
874 2009 1003 2081 850,
1041 2010 1172 2066 edit.
1206 2011 1453 2081 ParisiiS,
1489 2011 1683 2082 1721).
1724 2012 1803 2067 Ibi
1830 2012 2024 2069 Sedcm

142 2107 509 2181 Apostolicam
552 2109 751 2165 iterum
800 2116 953 2165 vocat
989 2109 1344 2165 Innocentius
1379 2110 1421 2180 I,
1468 2120 1620 2182 caput
1652 2110 2026 2170 Ecclesiarnm.

143 2204 269 2268 Quae
302 2212 486 2262 tamen
521 2213 685 2281 caput
722 2225 830 2263 non
873 2213 1036 2278 essct,
1070 2208 1177 2263 nisi
1218 2208 1266 2263 ei
1305 2209 1719 2281 jurisdictionis
1751 2211 2030 2284 primatus

142 2310 499 2376 competeret.
534 2306 820 2377 Praeterea,
848 2307 958 2362 nisi
991 2307 1343 2362 indubitatus
1377 2307 1575 2365 fuisset
1598 2309 1874 2382 ejusmodi
1915 2311 2031 2384 pri-

146 2405 349 2468 matnS,
382 2401 528 2454 hand
569 2420 806 2475 congrue
845 2405 1197 2460 innocentius
1236 2411 1466 2477 questus
1497 2413 1639 2461 esset
1666 2412 1934 2480 tanquam
1965 2409 2030 2462 dc

149 2496 323 2566 aliqua
356 2497 566 2568 injuria,
601 2500 746 2570 quod
773 2501 1025 2575 Episcopi
1063 2502 1386 2557 Macedones
1431 2503 1704 2559 declarari
1744 2506 2026 2578 postulas-

147 2597 262 2645 sent
290 2594 646 2664 pra·cedentia
679 2597 930 2667 quaedam
958 2598 1110 2653 Sedis
1142 2599 1465 2672 Apostolicae
1493 2600 1731 2670 decreta,
1757 2619 1880 2672 quse
1910 2620 2025 2656 am-

71 2690 83 2703 '
146 2688 307 2760 higna
352 2689 487 2763 ipsis
520 2691 868 2749 videbantur.
922 2694 1113 2750 Adhuc
1154 2714 1331 2752 unum
1386 2703 1480 2754 aut
1522 2698 1758 2756 alterum
1807 2706 2021 2756 textum

144 2787 553 2845 subnectamus.

216 2884 303 2941 10.
353 2907 380 2938 «
409 2886 461 2942 Si
494 2907 616 2961 quae
636 2896 823 2946 autem
856 2910 1036 2948 causae
1064 2893 1148 2949 vel
1175 2894 1552 2951 contentiones
1593 2896 1737 2952 inter
1765 2897 2021 2969 clericos,

141 2987 250 3038 tam
284 2986 583 3058 superioris
610 2988 821 3044 ordinis
853 3009 1020 3062 quam
1044 2992 1211 3047 ctiam
1234 2993 1531 3063 inferioris,
1566 2996 1768 3051 fuerint
1798 3004 2019 3065 exortae,

142 3083 441 3139 secundum
471 3087 742 3160 synodum
758 3088 1053 3162 Nimrnam,
1084 3093 1429 3165 congregatis
1448 3094 1697 3167 ejusdem
1725 3096 2024 3169 provinciae

140 3177 427 3254 episcopis,
451 3181 701 3256 jurgium
735 3186 1088 3257 terminetur,
1123 3206 1224 3243 nec
1256 3189 1425 3244 alicui
1454 3190 1615 3246 liceat
1652 3192 1792 3257 (sinc
1826 3190 2018 3262 praeju-

139 3269 278 3327 dicio
304 3279 486 3331 tamen
507 3278 761 3334 Romanae
789 3281 1051 3351 Ecclesiae,
1072 3286 1151 3338 cui
1173 3286 1225 3337 in
1245 3286 1478 3338 omuibus
1507 3287 1676 3338 causis
1704 3284 1850 3336 debet
1879 3300 2021 3336 reve-

136 3373 301 3425 rentia
340 3375 604 3435 custodiri)
647 3376 855 3432 relictis
887 3378 973 3432 his
1016 3379 1397 3434 sacerdotibus
1429 3379 1524 3449 qui
1572 3379 1626 3432 in
1665 3378 1858 3432 eadem
1897 3397 2021 3452 pro-

136 3466 310 3523 vincia
359 3470 452 3526 Dei
517 3473 816 3529 Ecclesiam
880 3481 1021 3530 nutu
1079 3475 1264 3530 divino
1324 3477 1676 3548 gubernant,
1738 3477 1805 3531 ad
1876 3477 2014 3533 alias

136 3564 420 3622 convolare
463 3568 824 3641 provincias»
909 3570 1172 3644 (Epistola
1228 3571 1295 3625 ad
1341 3572 1661 3627 Victricium
1717 3573 2015 3630 Rothoma-

138 3677 378 3733 gensem,
434 3667 579 3742 apud
629 3667 911 3735 Constant,
974 3669 1224 3742 Epistolae
1270 3669 1619 3727 Romanorum
1670 3672 2008 3746 Pontificum,
