2320 4010
268 192 364 236 274
954 180 1252 227 TRACTATUS
1282 180 1347 226 DE
1376 181 1525 226 PAPA-

273 294 458 352 tolissae
498 287 751 345 doctrina
794 285 884 341 vel
921 291 1218 360 potestate,
1259 285 1406 341 nihil
1446 286 1602 342 aliud
1639 285 1990 357 intellectum
2016 289 2194 348 fuisse

274 408 446 466 quam
488 390 823 461 potestatem
857 390 911 440 et
937 384 1255 442 doctrinam
1284 385 1522 441 Romani
1546 385 1852 442 Pontiticis.
1880 386 2049 444 Juxta
2074 387 2197 446 Gal-

269 490 524 545 licanum
561 490 825 561 systema,
858 484 1195 559 reprehendi
1217 484 1510 542 debuisset
1534 485 1911 556 JustinianuS,
1933 487 2084 559 quod
2113 488 2193 546 sic
2275 491 2278 494 ⁴

269 587 506 645 firmiter
535 585 811 644 credendo
835 585 1216 643 decisionibus
1246 587 1422 643 unius
1454 586 1824 660 singulariter
1850 588 2062 663 sumpti
2089 582 2192 647 Ro-

269 686 427 744 mani
453 685 759 758 Pontificis,
788 690 912 742 sese
946 685 1248 743 manifesto
1279 686 1493 742 erroris
1525 685 1778 762 periculo
1809 695 2128 762 exponeret.

343 787 638 841 Fssssnmns
660 804 895 840 nlAconus
923 786 1028 841 1100
1054 783 1220 841 1110ᾱο
1256 786 1457 860 probat
1484 785 1546 840 in·
1575 786 1859 862 judicium
1883 776 2195 844 vocandam
2275 772 2284 783 ’

267 904 381 944 non
423 904 548 942 esse
588 886 694 941 Ibae
730 879 1047 958 epistolam,
1090 891 1289 960 utpote
1328 885 1450 959 jam
1493 886 1562 942 ab
1599 885 1949 943 oecumenica
1982 885 2193 962 synodo

265 984 699 1042 Chalcedonensi
714 984 1107 1058 approbatam:
1133 984 1464 1048 «Quomodo
1477 1002 1608 1058 ergo
1628 1003 1783 1041 nunc
1797 985 1931 1040 olim
1939 984 2192 1058 judicata

260 1084 707 1159 judicabuntur?
731 1081 784 1137 Si
806 1088 942 1138 tunc
971 1082 1179 1155 aliquis
1199 1088 1494 1138 accusator
1521 1083 1796 1158 epistolae,
1823 1084 1985 1157 cujus
2004 1085 2193 1139 catho-

267 1182 376 1239 lica
409 1199 532 1237 esse
559 1180 789 1236 dictatio
813 1179 1039 1249 claruit,
1070 1181 1139 1236 ad
1165 1182 1377 1253 majora
1393 1179 1607 1255 judicia
1633 1186 1977 1255 provocaret,
2007 1180 2195 1255 appel-

266 1280 464 1336 lationi
498 1280 734 1336 forsitan
766 1279 1079 1334 secundum
1118 1279 1587 1335 consuetudinem
1624 1279 1783 1334 locus
1816 1286 2054 1352 pateret.
2085 1280 2192 1336 Sed

266 1395 379 1452 quo
410 1378 538 1449 iret,
571 1383 669 1433 aut
701 1376 799 1432 ubi
830 1377 1075 1450 majores
1110 1376 1382 1451 reperiret
1424 1375 1482 1431 in
1515 1375 1767 1431 Ecclesia
1793 1374 2032 1448 judiceS,
2065 1382 2192 1434 ante

266 1497 325 1535 se
352 1479 567 1534 habens
594 1480 649 1533 in
675 1478 859 1549 quatis
882 1479 991 1532 suis
1014 1477 1373 1551 Apostolicam
1395 1477 1607 1546 Sedem,
1647 1494 1757 1550 qua
1789 1476 2184 1548 consentiente,

264 1578 545 1652 quidquid
574 1578 671 1635 illa
702 1577 954 1634 definivit
981 1577 1231 1656 synodus
1260 1576 1474 1652 accepit
1497 1578 1674 1634 robur
1708 1578 1982 1635 invictum
2006 1599 2033 1630 »
2064 1578 2188 1652 (Pa-

263 1679 495 1750 troloyia
523 1678 723 1750 ⁴lligne,
760 1683 801 1733 t.
834 1678 1027 1747 LXVII,
1058 1677 1164 1734 col.
1204 1677 1362 1749 925).
1391 1677 1554 1735 Vides
1593 1697 1766 1751 quam
1794 1684 2013 1734 certum
2046 1675 2189 1732 exis-

264 1777 493 1833 timaret
532 1777 851 1833 Ferrandus
898 1777 1194 1847 diaconus,
1222 1778 1599 1851 Apostolicam
1634 1777 1824 1834 Sedem
1855 1782 2189 1852 praesentem

264 1875 458 1931 haberi
486 1876 546 1930 in
577 1877 814 1946 sedente,
844 1875 1017 1930 immo
1047 1875 1105 1930 in
1132 1875 1312 1949 ipsius
1340 1875 1561 1948 legatis.

339 1970 557 2026 Smerus
582 1971 860 2027 Gifficonms
884 1972 1108 2041 MAGsz,
1137 1971 1195 2026 in
1227 1989 1329 2027 sua
1361 1972 1430 2027 ad
1462 1970 1900 2026 Theodelindam
1933 1972 2187 2044 reginam

261 2069 499 2145 epistola
533 2091 543 2122 :
595 2092 620 2122 «
648 2070 782 2126 Cum
819 2069 1011 2143 itaque
1044 2069 1422 2142 integritatem
1462 2074 1716 2124 nostram
1757 2085 1822 2123 ex
1853 2074 2046 2142 aperta
2073 2088 2187 2126 mea

260 2170 551 2225 traditione
584 2188 674 2224 sea
694 2170 1029 2243 professione
1057 2166 1418 2241 cognoscitis,
1454 2166 1690 2240 dignum
1719 2172 1802 2222 est
1828 2172 1892 2222 ut
1915 2166 1982 2222 de
2001 2168 2184 2223 Eccle-

262 2266 343 2323 sia
361 2266 513 2322 Beati
530 2267 674 2322 Petri
704 2267 1099 2341 Apostolorum
1124 2266 1398 2341 Principis
1426 2266 1654 2321 nullum
1683 2263 1922 2321 ulterius
1947 2283 2183 2341 scrupu-

258 2367 378 2423 lum
412 2367 717 2423 dubietatis
745 2367 1033 2423 habeatis:
1077 2367 1174 2423 sed
1204 2366 1261 2422 in
1291 2384 1417 2422 vera
1460 2364 1567 2421 tide
1593 2364 1903 2441 persistite,
1937 2370 1990 2421 et
2014 2364 2183 2420 vitam
2235 2388 2244 2390 -

255 2469 500 2520 vestram
534 2464 591 2519 in
620 2470 776 2540 petra
805 2464 1083 2534 Ecclesiae,
1123 2466 1228 2521 1100
1272 2471 1356 2521 051
1393 2464 1450 2520 111
1493 2465 1824 2536 consessione
1866 2463 2004 2519 beati
2042 2461 2185 2518 Petri

255 2561 486 2634 apostoli
518 2562 751 2618 solidate
774 2585 801 2614 »
852 2562 1005 2635 (libri
1041 2563 1229 2636 quarti
1258 2562 1491 2636 epistola
1519 2581 1737 2631 xxxvm,
1777 2567 1821 2617 t.
1855 2561 1920 2631 II,
1964 2580 2020 2635 p.
2052 2560 2180 2628 718,

255 2657 518 2714 editionis
555 2659 1103 2734 Benedictinorum).
1149 2660 1227 2715 lbi
1272 2665 1502 2716 sanctus
1528 2658 1831 2732 Gregorius
1874 2676 2021 2713 suam
2058 2658 2181 2729 fidei

254 2756 645 2825 professionem
695 2775 792 2813 seu
844 2758 1279 2832 expositionem,
1324 2777 1497 2832 quam
1540 2757 1633 2814 isti
1671 2757 1876 2830 reginae
1915 2755 2184 2812 transmi-

254 2861 424 2923 serat,
451 2856 716 2929 proponit
742 2856 1013 2928 tanquam
1042 2878 1223 2913 unum
1257 2863 1308 2914 et
1343 2858 1491 2913 idem
1520 2876 1651 2912 cum
1680 2858 2011 2929 confessione
2042 2856 2180 2910 beati
2246 2903 2254 2907 .

255 2951 433 3018 Petri5
463 2960 515 3009 et
550 2954 683 3009 dicit
709 2954 891 3010 eidem
926 2956 1134 3028 reginae
1163 2957 1322 3012 nulla
1349 2958 1467 3030 jam
1491 2975 1656 3031 posse
1682 2971 1977 3011 occurrere
2003 2952 2178 3008 dubia

254 3050 404 3108 circa
442 3051 609 3107 fidem
638 3053 887 3109 Ecclesiae
913 3055 1051 3108 beati
1076 3054 1246 3123 Petri,
1280 3072 1412 3110 cum
1444 3060 1641 3110 notam
1668 3054 1872 3110 habeat
1896 3051 2024 3107 fidei
2054 3069 2182 3126 pro—

254 3151 558 3208 fessionem
589 3171 759 3225 quam
791 3153 911 3228 ipse
952 3153 1002 3208 ei
1038 3153 1293 3211 miserat.
1323 3155 1444 3210 Non
1483 3159 1703 3229 poterat
1729 3158 1959 3209 sanctus
1993 3151 2182 3207 doctor

255 3249 462 3307 fortius
506 3251 846 3327 exprimere,
888 3252 1358 3327 distinguendum
1400 3273 1512 3311 non
1555 3271 1682 3310 esse
1714 3252 1905 3309 sedem
1947 3251 2094 3307 inter
2128 3254 2179 3306 et

256 3349 566 3422 sedentem,
612 3352 839 3424 quando
890 3353 1079 3426 agitur
1136 3353 1205 3409 de
1250 3353 1380 3410 fidei
1425 3351 1830 3429 praedicatione
1877 3368 1941 3407 ac
1985 3347 2177 3406 defini-

254 3449 429 3507 fione.

330 3548 551 3606 SANCTUS
585 3550 814 3608 MAxntus
850 3552 930 3608 sic
970 3552 1038 3609 de
1078 3553 1289 3628 Pyrrho
1335 3552 1590 3626 loquitur
1623 3571 1635 3605 :
1679 3570 1706 3604 «
1745 3550 1940 3622 Itaque
1979 3546 2026 3603 si
2059 3544 2175 3600 vult

256 3643 551 3704 haereticus
590 3666 774 3722 neque
807 3667 929 3706 esse
959 3667 1143 3722 neque
1169 3650 1380 3720 audiri,
1426 3668 1538 3706 non
1579 3649 1672 3706 isti
1713 3654 1808 3704 aut
1850 3645 1933 3701 illi
1965 3641 2178 3700 satista-
