2372 4108
872 310 1001 356 PARS
1034 310 1201 357 PRIMA.
1931 310 1988 355 85

94 416 487 493 particulariter
535 417 753 490 sumpsit
790 416 1082 489 exemplum
1121 414 1511 488 (Conciliorum
1561 413 1738 473 Labbe
1774 422 1816 473 t.
1847 415 1990 487 VIII,

98 513 204 569 col.
241 513 370 583 515,
406 513 540 569 edit.
565 512 810 582 ParisiiS,
840 511 1030 584 1671).

174 611 390 679 Quarto.
416 612 491 666 Ex
515 611 744 667 Arabica
764 626 1040 666 canonum
1065 607 1415 665 Nicaenorum
1440 610 1764 667 collectione
1790 610 1996 667 merito

101 709 384 781 colligitur
408 709 657 782 agnitum
698 726 728 763 a
752 706 987 762 Nicaenis
1016 705 1270 780 patribus
1291 706 1466 762 fuisse
1489 707 1724 763 Romani
1745 707 1998 783 Episcopi

94 805 590 880 jurisdictionalem
648 804 705 859 in
753 803 1071 859 universam
1125 802 1424 858 Ecclesiam
1466 803 1796 877 primatum.
1871 805 1997 860 Esto

102 904 277 974 enim,
325 901 709 958 collectionem
756 900 922 956 istam
969 918 1033 955 ex
1076 900 1198 955 aliis
1244 899 1412 955 etiam
1458 899 1715 955 conciliis
1759 917 2002 955 canones

102 1000 420 1066 continere;
469 998 580 1054 imo
607 1004 659 1054 et
691 998 839 1073 apud
865 997 1046 1054 varias
1079 1003 1257 1053 sectas
1292 996 1350 1051 in
1378 996 1667 1052 nonnullis
1702 996 2003 1071 interpola-

102 1105 214 1154 tam
258 1098 452 1168 fuisse,
498 1104 662 1172 prout
708 1097 944 1153 eruditis
976 1097 1180 1153 visum.
1249 1096 1412 1152 «Sed
1465 1095 1703 1170 quiquid
1751 1095 1863 1165 sit,
1928 1095 2004 1150 ait

106 1218 132 1247 «
161 1194 486 1264 Muzzarelli,
513 1194 701 1268 negari
735 1213 846 1250 non
871 1194 1072 1269 poterit
1100 1194 1484 1250 collectionem
1509 1193 1675 1250 istam
1706 1192 1998 1249 Arabicam

111 1315 136 1346 «
167 1312 285 1349 esse
312 1294 779 1366 antiquissimam,
806 1300 858 1349 et
888 1293 1041 1348 illam
1074 1293 1324 1349 extitisse
1360 1292 1508 1367 apud
1535 1292 1831 1348 orientales
1849 1336 1861 1360 ‚
1889 1292 2001 1346 non'

110 1391 347 1445 «solum
391 1391 651 1458 Arabica,
710 1391 803 1446 sed
845 1389 1011 1445 etiam
1054 1390 1178 1446 aliis
1227 1389 1464 1462 linguiS‚
1527 1389 1676 1462 quod
1721 1389 2004 1445 evidenter

113 1508 139 1540 «
168 1490 431 1562 probatur
458 1488 524 1543 ab
555 1488 895 1543 Ecchellensi
923 1506 987 1543 ex
1019 1488 1248 1544 diversis
1271 1487 1613 1543 editionibus
1642 1506 1671 1542 a
1697 1505 1753 1541 se
1783 1487 2003 1560 inspec-

116 1585 261 1640 «tis.
320 1586 383 1640 Et
428 1574 572 1640 idem
616 1585 982 1640 Eccliellensis
1010 1585 1254 1655 notavit,
1303 1584 1452 1657 quod
1489 1584 1742 1657 quamvis
1770 1584 2003 1656 singulte

116 1704 141 1733 «
171 1684 419 1738 nationes
443 1691 494 1739 et
517 1690 673 1739 sectae
697 1684 753 1738 in
781 1684 898 1738 suis
917 1684 1150 1755 diversis
1177 1683 1532 1739 versionibus
1550 1683 1763 1754 aliquid
1785 1682 2007 1738 addide-

116 1800 142 1831 «
175 1786 336 1848 runt,
388 1786 448 1835 ut
487 1797 550 1835 ex
585 1780 913 1835 auctoritate
945 1780 1147 1836 Nicaeni
1183 1779 1403 1835 concilii
1430 1797 1530 1834 sua
1559 1779 1815 1850 dogmata
1851 1797 2008 1834 cons-

113 1897 139 1928 «
174 1876 453 1930 tabilirent
477 1920 489 1943 ,
535 1882 719 1932 tamen
755 1894 946 1932 omnes
977 1877 1254 1932 versiones
1282 1878 1431 1932 hunc
1458 1893 1731 1931 canonem
1755 1919 1769 1945 ,
1813 1876 1871 1930 in
1899 1893 2010 1947 quo

114 1996 140 2027 «
175 1974 355 2046 agitur
380 1975 446 2029 de
470 1974 717 2048 primatu
735 1975 968 2031 Romani
991 1975 1291 2043 pontificis,
1314 1974 1554 2030 fideliter
1575 1980 2005 2030 conservarunt.

114 2094 140 2125 α
168 2073 276 2128 Hoc
303 2080 485 2128 autern
523 2073 899 2145 demonstrat,
943 2077 1090 2130 hunc
1133 2092 1417 2130 canonem·
1442 2092 1552 2129 non
1591 2074 1839 2147 potuisse
1887 2091 2010 2129 esse

116 2193 140 2222 «
175 2171 490 2226 confictum.
516 2171 727 2227 Etenim
752 2172 1037 2242 Melchitae,
1062 2172 1342 2242 Jacobitae‚
1359 2171 1695 2240 Nestori-ani,
1719 2171 2007 2246 Cophtitae,

116 2289 141 2319 ι(
177 2267 269 2340 qui
297 2268 617 2325 inimicitias
643 2287 772 2325 cum
795 2270 1041 2326 Romana
1067 2269 1306 2326 Ecclesia
1351 2289 1570 2344 semper
1597 2257 1967 2325 exercuerunt
1993 2315 2007 2341 ,

117 2386 142 2416 «
175 2364 538 2437 imposturam
561 2368 749 2422 statim
774 2366 1101 2436 sensissent,
1125 2374 1176 2424 et
1199 2374 1294 2424 aut
1319 2368 1478 2423 illum
1506 2368 1563 2422 in
1587 2386 1718 2423 suas
1738 2367 2011 2424 editiones

122 2482 148 2511 «
182 2479 293 2515 non
319 2462 708 2532 admisissent,
755 2472 849 2521 aut
895 2473 1085 2540 postea
1120 2467 1442 2522 erasissent.
1488 2467 1724 2522 Econtra
1774 2466 1967 2539 probat
1996 2509 2010 2522 .

124 2580 150 2610 «
181 2559 425 2631 singulas
454 2567 628 2616 sectas
650 2562 724 2619 ita
749 2564 853 2619 sibi
879 2566 1222 2638 persuasisse
1244 2610 1262 2642 ,q
1303 2567 1450 2620 hunc
1497 2583 1767 2620 canonem
1808 2570 1903 2619 aut
1944 2565 2010 2619 ad

124 2678 149 2707 ι(
181 2657 464 2713 Nicaenuni
490 2666 584 2715 aut
612 2660 677 2714 ad
718 2661 868 2716 aliud
904 2663 1359 2734 antiquissimum
1387 2662 1687 2717 concilium
1714 2661 2010 2736 pertinere,

123 2771 148 2802 «
180 2757 238 2806 ut
279 2751 437 2807 illum
481 2771 792 2827 expungere
832 2775 978 2812 ausae
1015 2775 1305 2829 nunquam
1355 2757 1586 2813 fuerint.
1636 2757 1841 2813 Deinde
1886 2758 2013 2830 quis

124 2870 149 2899 «
181 2850 376 2906 dixerit
414 2852 481 2906 ab
509 2852 880 2911 Orientalibus
916 2856 1216 2911 confictum
1251 2857 1424 2912 fuisse
1462 2874 1764 2926 canonem,
1802 2857 1859 2911 in
1902 2875 2013 2929 quo

124 2966 150 2996 «
179 2946 451 3019 primatus
484 2949 742 3005 Romanae
768 2951 1023 3008 Ecclesiae
1050 2959 1162 3009 tam
1191 2953 1479 3026 magnifice
1505 2954 1859 3028 praedicatur,
1887 2972 2013 3009 cuin

125 3062 152 3093 «
184 3043 481 3101 Orientales
505 3047 671 3103 etiam
699 3051 982 3106 orthodoxi
1032 3052 1098 3108 de
1129 3052 1392 3107 Romanae
1420 3052 1675 3108 Ecclesiae
1714 3053 2015 3126 privilegiis

129 3158 154 3187 ι(
189 3155 295 3191 ῐιοη
319 3140 556 3196 multum
580 3145 801 3201 solliciti
836 3148 1087 3205 fuerint?
1121 3149 1255 3212 Quis
1281 3149 1549 3222 impostor
1572 3151 1721 3204 hunc
1745 3166 2013 3203 canonem

130 3256 155 3285 ι(
192 3234 244 3288 in
272 3233 493 3291 dissitas
537 3238 660 3294 illas
701 3244 954 3314 regiones
995 3247 1213 3316 attulit,
1252 3253 1304 3302 et
1340 3246 1530 3301 statim
1569 3245 1733 3299 fidem
1771 3244 2017 3299 obtinere

129 3354 154 3382 «
190 3332 400 3406 potuit,
443 3334 515 3388 ita
560 3343 620 3390 ut
663 3356 787 3394 cum
827 3341 1062 3399 Nicaenis
1106 3345 1375 3399 confundi
1410 3340 1730 3398 obtineret?
1772 3340 1925 3403 Quod
1970 3342 2015 3397 si

128 3450 154 3479 «
189 3429 486 3485 confictum
530 3432 698 3489 fuisse
737 3436 1144 3495 rationabiliter
1185 3439 1425 3512 supponi
1469 3455 1582 3491 non
1626 3442 1836 3510 potest,
1888 3456 2016 3511 ergo

127 3546 151 3575 «
189 3525 255 3579 ad
284 3526 510 3599 aliquod
549 3530 815 3587 orientale
851 3535 1155 3590 concilium
1199 3534 1471 3608 pertinet;
1527 3551 1658 3606 ergo
1703 3534 1770 3588 ad
1795 3534 2013 3609 aliquod

129 3641 155 3673 «
191 3625 612 3681 oecumenicum.
627 3627 739 3682 Non
760 3629 910 3684 aliud
930 3630 1079 3686 enim
1101 3630 1400 3686 concilium
1422 3649 1589 3704 quam
1610 3632 2013 3688 oecumenicum

132 3739 158 3769 «
187 3718 402 3778 decreta
436 3722 614 3781 facere
634 3733 848 3798 poterat
874 3728 1204 3800 generaliter
1225 3729 1292 3784 dc
1310 3728 1754 3785 Patriarcharum
1776 3732 2014 3787 auctori-
