2320 4010
295 148 384 194 244
965 135 1260 182 TRACTATUS
1291 135 1356 180 DE
1387 136 1536 182 PAPA.

294 249 439 307 mari
467 251 709 321 nequeat
733 242 964 312 veritas,
1008 241 1106 298 sed
1130 246 1353 297 tantum
1383 259 1562 313 error,
1597 243 1703 298 hoc
1742 242 1868 317 ipso
1904 243 2208 301 declaravit
2288 279 2290 282 -

293 361 572 403 erroneum
601 359 716 396 esse
754 358 912 414 posse
950 339 1110 414 Papae
1138 338 1451 412 judicium3
1494 345 1546 396 et
1579 341 1685 395 hoc
1736 323 1880 415 ipso'
1906 339 2208 398 declaravit

290 444 495 515 Papam
531 457 646 495 non
673 455 796 495 esse
823 437 1181 494 infallibilem
1228 456 1332 495 nec
1378 456 1479 513 pro
1510 437 1611 494 tali
1642 438 1992 495 habendum.
2034 437 2213 511 Igitur
2316 437 2320 444 '

289 536 441 610 quod
466 542 777 594 conventus
819 536 918 594 1116
943 555 1058 592 666
1095 536 1356 607 edixerit,
1388 536 1444 592 id
1481 543 1588 607 651,
1617 536 1982 593 declaraverit
2004 537 2208 593 Roma·
2271 554 2274 558 ’

290 653 430 691 61116
471 636 797 692 Pontificem
841 654 962 693 esse
1005 635 1325 706 fallibilem,
1373 642 1455 692 est
1508 654 1700 692 revera
1755 654 2009 691 arcanum
2052 636 2208 709 quod

287 751 454 790 nemo
474 734 751 810 suspicari
771 735 1070 810 potuisset,
1098 735 1209 790 nisi
1231 734 1559 791 Bossuetius
1581 734 1722 791 illud
1753 734 2075 792 revelasset.
2104 734 2211 791 Sed
2283 742 2310 807 ,ᾖ

287 832 523 907 insuper
561 851 813 889 arccmum
857 833 1010 890 istud
1040 852 1279 908 prorsus
1311 833 1560 889 excludit
1588 833 1778 906 quarti
1806 832 2210 890 declarationis
2292 894 2309 910 ,A

289 931 515 988 articuli
548 937 731 989 tenor.
767 935 925 989 Unde
956 939 1213 989 remanet
1246 939 1591 1007 praetensum
1621 931 1774 986 istud
1812 950 2084 987 arcanum
2117 950 2210 988 ex·
2292 936 2294 938 ’

287 1029 594 1102 cogitatum
624 1038 675 1087 et
703 1032 1063 1106 suppositum
1083 1053 1112 1088 a
1131 1033 1420 1088 Bossuetio
1436 1032 1615 1088 fuisse
1634 1032 1863 1104 quando
1892 1032 2206 1088 infaustum

286 1144 455 1183 suum
484 1129 861 1185 concinnabat
883 1129 1224 1200 Defensionis
1243 1130 1478 1185 librum.

363 1225 610 1280 Secunda
625 1227 848 1280 assertio
869 1226 1028 1296 falsa.
1046 1258 1114 1266 —
1130 1226 1184 1280 Si
1205 1226 1494 1281 Bossuetio
1509 1227 1729 1294 credaS,
1747 1234 2055 1284 conventus
2071 1229 2205 1284 anni

293 1321 435 1376 1682
460 1322 651 1394 procul
672 1323 849 1378 habuit
870 1322 1069 1378 scholae
1098 1342 1247 1378 voces
1265 1342 1328 1378 ac
1346 1326 1495 1379 rimas
1515 1324 1583 1379 de
1603 1324 2202 1399 infallibil²tatePapae‚

282 1417 452 1473 Porro
501 1424 552 1473 61
589 1419 741 1474 istud
783 1420 1146 1494 apertissime
1191 1420 1400 1477 falsum
1436 1427 1542 1477 est.
1576 1421 1715 1476 Nam
1753 1427 2066 1478 conventus
2112 1423 2211 1479 ille

284 1535 548 1592 express-e
591 1519 916 1591 declaravit,
951 1520 1183 1576 Romani
1215 1520 1499 1576 Pontiticis
1533 1521 1815 1594 judicium
1845 1540 1960 1577 non
1989 1540 2108 1578 esse
2135 1523 2210 1578 ir-

283 1616 648 1674 reformabile
680 1624 989 1691 antequam
1027 1619 1285 1676 Ecclesiae
1332 1637 1645 1676 consensus
1692 1619 2013 1677 accesserit.
2042 1621 2207 1677 Porro

282 1715 566 1788 rixarum,
589 1717 645 1771 id
674 1724 778 1787 est,
816 1718 1289 1792 disceptationum
1331 1719 1400 1774 dc
1422 1719 1659 1774 Romani
1685 1719 1972 1776 Pontificis
1997 1719 2212 1776 infalli-

282 1813 502 1870 bilitate
527 1816 815 1890 praecipua
847 1817 1080 1872 materia
1104 1835 1168 1871 ac
1182 1817 1352 1872 cardo
1382 1824 1462 1874 est
1485 1819 1600 1872 haec
1623 1817 1910 1891 ipsissima
1944 1819 2205 1890 quaestiO,
2259 1865 2275 1876 ,

282 1928 350 1966 an
384 1912 798 1984 ‘irreformabilis
829 1916 897 1969 sit
920 1915 1083 1988 Papae
1114 1917 1351 1987 definitio
1388 1923 1510 1970 ante
1542 1918 1990 1990 supervenientem
2026 1916 2209 1972 Eccle-
2282 1918 2285 1922 ⁴

280 2011 376 2063 siae
409 2027 734 2066 consensum.
772 2012 946 2085 Igitur
988 2013 1197 2069 nedum
1240 2017 1390 2069 rixas
1425 2013 1677 2068 vitaverit
1710 2018 2041 2085 conventus,
2095 2032 2206 2071 non

285 2111 506 2180 poterat
530 2113 682 2163 recto
705 2110 884 2182 magis
921 2110 979 2164 in
1012 2130 1103 2166 eas
1128 2112 1474 2184 impengere.
1509 2110 1611 2166 Sed
1635 2127 1820 2183 neque
1840 2109 2032 2165 vitavit
2058 2112 2209 2185 ipsas

286 2205 456 2260 etiam
492 2207 699 2263 56116166
734 2227 886 2265 voces
919 2229 1090 2265 :nam
1125 2210 1270 2265 sicut
1318 2209 1377 2264 in
1414 2209 1622 2265 scholis
1650 2216 1964 2285 usurpatur
2003 2209 2208 2281 infalli-

281 2306 399 2361 bilis
423 2309 612 2379 judicii
640 2308 874 2379 locutio,
908 2310 984 2365 ita
1021 2318 1074 2365 61
1094 2312 1533 2383 irreformabilis,
1564 2329 1674 2384 qua
1702 2328 1842 2366 usus
1871 2316 1951 2365 est
1974 2309 2210 2366 Bossue-
2319 2316 2320 2355 1

280 2403 395 2460 11115
423 2405 482 2460 16
511 2408 819 2464 condendis
846 2415 1093 2482 quatuor
1118 2409 1397 2466 articulis.

362 2506 536 2562 Tertia
564 2510 789 2563 assertio
818 2507 984 2581 falsa.
1011 2542 1080 2549 —
1108 2508 1320 2565 Asserit
1350 2508 1675 2565 Bossuetius
1710 2529 1722 2560 :
1757 2509 2032 2564 convenire
2074 2510 2215 2563 inter

283 2623 462 2661 omnes
490 2608 776 2662 catholicos
810 2608 1149 2680 Pontificium
1201 2609 1470 2663 decretum
1511 2626 1620 2662 non
1645 2609 1825 2662 haberi
1859 2625 1958 2679 pro
1990 2607 2218 2677 irrefor-

282 2704 482 2773 mabili,
518 2704 629 2759 nisi
672 2705 932 2762 Ecclesiae
975 2725 1286 2763 consensus
1320 2707 1643 2763 accesserit.
1690 2706 1860 2761 Porro
1895 2707 1999 2762 hoc
2038 2705 2209 2761 etiam

285 2804 476 2870 aperte
502 2800 709 2855 falsum
739 2808 840 2858 est.
872 2804 1088 2859 Nedum
1116 2805 1269 2861 enim
1311 2805 1388 2860 ita
1421 2804 1670 2860 sentiant
1715 2822 1892 2859 omnes
1920 2803 2211 2874 catholici,

282 2900 478 2951 tenent
511 2903 735 2952 econtra
766 2882 1150 2957 communiter
1178 2903 1434 2957 doctores
1462 2901 1725 2957 catholici
1753 2904 2006 2973 (excepto
2042 2900 2211 2956 Galli-

283 3012 556 3050 canorum
583 2995 902 3071 manipulo)
934 2997 1294 3053 infallibilem
1322 3017 1445 3055 esse
1469 2999 1673 3073 Papam
1699 2998 1758 3053 in
1777 2998 1905 3054 fidei
1934 2998 2214 3055 definitio-

283 3092 454 3149 nibus
480 3115 490 3162 3
527 3100 579 3149 61
608 3095 713 3149 hoc
729 3094 849 3169 ipso
875 3101 1068 3152 tenent
1097 3096 1452 3153 definitiones
1479 3097 1635 3167 15165,
1671 3103 1868 3173 utpote
1894 3098 2211 3155 infallibili-

281 3196 368 3245 ter
413 3210 594 3263 veraS,
629 3211 946 3266 numquam
1001 3213 1162 3270 posse
1209 3196 1418 3270 corrigi
1476 3215 1575 3253 seu
1617 3197 1953 3263 reformari;
1991 3198 2088 3254 sed
2139 3199 2212 3256 ab

283 3291 553 3348 omnibus
599 3290 865 3349 fidelibus
905 3294 987 3350 eis
1033 3314 1154 3352 esse
1202 3297 1655 3371 obsequendum.
1710 3297 1789 3353 Ita
1834 3316 1928 3353 suo
1973 3306 2210 3372 tempore

221 3414 224 3416 ·
283 3395 475 3447 tenere
502 3392 814 3448 catholicos
844 3393 1100 3452 doctores
1143 3415 1323 3453 omues
1354 3402 1596 3454 testatus
1635 3402 1719 3454 est
1771 3396 1997 3451 Suarez.
2032 3396 2206 3454 Antea

283 3487 524 3546 Romani
550 3490 834 3548 Pontificis
860 3493 1330 3553 infallibilitatem
1358 3502 1697 3570 negaverant
1725 3492 1886 3568 pauci
1923 3511 2054 3548 cum
2077 3495 2205 3550 Ger-

286 3589 444 3646 sonio
472 3614 482 3657 3
520 3591 616 3647 sed
645 3593 760 3648 haec
792 3611 988 3650 eorum
1022 3596 1214 3672 opinio
1243 3597 1409 3670 (teste
1429 3595 1585 3651 Petro
1603 3593 1671 3648 de
1701 3592 1899 3666 Marca)
1938 3591 2205 3650 derelicta
