2372 4108
1022 209 1045 225 0

916 273 1046 319 PARS
1074 270 1247 327 Palm.
1318 285 1333 298 ·
1974 266 2030 312 41

144 382 618 451 extraordinarius,
651 379 894 436 concedo
922 379 1287 444 :ordinarius,
1322 393 1482 449 nego.
1520 397 1548 428 «
1575 372 1795 431 Nemini
1819 373 2031 429 mirum

139 477 314 533 videri
341 478 524 549 debet,
567 478 643 535 ait
680 477 856 547 Veith,
895 475 1130 531 Paulum
1171 491 1301 529 cum
1333 474 1492 530 Petro
1533 473 1726 530 eodem
1778 477 2031 547 tempore

139 574 399 632 Romanae
427 576 584 631 urbis
609 575 990 651 episcopatum
1016 571 1286 644 gessisse3
1316 578 1442 627 tum
1472 571 1605 644 quia
1632 558 1880 646 Apostoli
1905 571 2031 628 ubi-

137 690 243 744 quc
268 680 551 729 terrarum
579 676 836 746 poterant
863 685 1119 726 exercere
1144 686 1355 723 munus
1380 669 1719 743 episcopale,
1741 669 1872 743 licet
1899 687 2029 725 cum

135 769 594 825 subordinatione
617 767 688 822 ad
716 766 906 822 divum
932 766 1186 830 Petrum;
1223 775 1344 820 tum
1380 782 1445 819 ac
1469 765 1752 837 praecipue
1776 766 1910 837 quia
1933 766 2029 822 Pe—

135 870 258 919 trus
288 863 450 918 initio
490 863 772 919 nascentis
808 861 1068 918 Ecclesiae
1094 879 1207 916 non
1249 860 1644 932 incongruum,
1686 859 1800 912 imo
1841 879 2031 916 neces-

133 959 343 1014 sarium
386 958 642 1027 duxerat,
696 959 886 1033 plures
925 976 1025 1031 pro
1067 957 1182 1013 sola
1231 957 1371 1012 urhe
1407 955 1654 1010 Romana
1696 973 2030 1012 consecrare

133 1054 426 1128 Episcopos
458 1054 658 1125 (Linum
696 1072 921 1128 nempe,
948 1054 1151 1110 Cletum
1181 1059 1234 1110 et
1263 1054 1603 1122 Clementem,
1644 1057 1707 1107 ut
1746 1056 2028 1107 testantur

134 1151 187 1206 S.
226 1153 492 1224 IrenaeUS,
522 1153 667 1209 libro
693 1153 1062 1210 lIIAdversus
1117 1153 1380 1220 haereseS,
1415 1150 1692 1224 capitem,
1726 1155 1777 1204 et
1813 1150 2028 1205 Tertul-

132 1250 317 1306 lianus
357 1251 498 1306 libro
540 1251 608 1306 de
632 1249 1175 1323 Praeseriptionihus,
1221 1248 1401 1322 capite
1435 1248 1624 1319 xxxn),
1669 1247 1767 1319 qui
1808 1247 1928 1320 ipso
1952 1247 2027 1302 vi-

131 1352 309 1416 vente,
345 1347 440 1402 sed
482 1347 550 1402 ad
579 1347 1002 1420 praedicandum
1050 1345 1409 1417 Evangelium
1463 1344 1679 1399 diutius
1729 1343 2019 1412 abfuturO,

130 1443 460 1516 episcopalia
488 1444 706 1498 obirent
746 1444 942 1498 munia
983 1443 1128 1496 intra
1158 1443 1466 1497 Romanam
1502 1443 1723 1509 urbem,
1754 1446 2023 1510 extraque

134 1537 282 1591 illam
306 1538 363 1592 in
396 1539 593 1593 vicinis
623 1539 778 1594 locis.
820 1540 1089 1594 Caetcrum
1125 1538 1291 1592 ctiam
1322 1536 1486 1591 hodie
1523 1536 1807 1590 Romanus
1838 1535 2022 1590 Ponti·

130 1635 215 1689 fex
234 1652 332 1707 per
347 1635 681 1708 Episcopum
695 1635 1044 1690 Cardinalem
1063 1634 1343 1688 Vicarium
1366 1633 1674 1687 Romanam
1696 1633 2019 1702 Ecclesiam,

128 1736 188 1784 ut
232 1730 586 1802 particularis
619 1736 724 1799 est,
759 1731 1154 1784 administrare
1181 1729 1322 1783 solet
1357 1750 1384 1780 »
1437 1728 1655 1796 (Weith,
1685 1730 1748 1782 de
1779 1730 2022 1784 Primatu

123 1834 174 1879 et
207 1825 617 1895 Insalle‘bilitate,
650 1831 783 1881 sect.
814 1826 855 1895 I,
888 1827 993 1896 26,
1032 1843 1162 1899 pag.
1199 1825 1292 1894 49,
1326 1824 1461 1878 edit.
1486 1823 1794 1878 Mechliniae
1824 1824 2018 1893 1824).

121 1922 287 1977 Porro
318 1923 687 1979 universalem
729 1923 1030 1979 Ecclesiam
1062 1922 1292 1996 regendi
1342 1927 1591 1997 potestas
1638 1921 1865 1994 alligata
1911 1922 2034 1989 suit,

123 2020 392 2074 ordinario
434 2020 814 2076 Romanorum
841 2022 1128 2096 Episcopo,
1178 2040 1288 2076 non
1326 2026 1515 2076 autem
1558 2020 2018 2076 extraordinariis

126 2114 250 2169 aliis
288 2115 590 2190 Episcopis,
632 2136 772 2189 quos
817 2117 925 2172 sibi
958 2117 1150 2172 Petrus
1201 2117 1482 2189 adjutores
1526 2117 1801 2189 adjunxit.
1843 2117 2018 2188 Igitur

127 2228 189 2265 cx
221 2228 283 2265 eo
310 2213 458 2283 quod
487 2213 772 2269 Romanus
793 2214 1144 2287 episcopatus
1167 2213 1355 2283 fuerit,
1384 2214 1442 2267 in
1462 2213 1648 2285 aliquo
1675 2232 1802 2268 vero
1821 2231 2012 2284 sensu,

122 2308 287 2363 Paulo
300 2312 615 2366 communis
633 2312 960 2388 cumvPetro,
992 2330 1102 2366 non
1121 2311 1377 2383 sequitur
1394 2329 1752 2367 communem
1771 2313 1821 2367 ei
1841 2312 2014 2368 fuisse

123 2422 346 2475 quoque
373 2408 677 2477 primatum
705 2426 804 2464 seu
831 2396 1146 2481 supremam
1173 2409 1428 2481 regendae
1460 2409 1795 2465 universalis
1825 2408 2012 2463 Eccle-

126 2500 220 2554 siae
242 2506 587 2572 potestatem.

200 2595 425 2668 Objectio
454 2599 526 2653 6³.
563 2632 632 2638 —
659 2600 892 2677 Romani
922 2603 1212 2659 Pontifices
1248 2604 1459 2676 seipsos
1484 2609 1680 2657 vocant
1709 2609 2010 2657 sancto-rum

123 2694 492 2766 Apostolorum
516 2697 659 2751 Petri
686 2704 735 2751 et
762 2698 915 2752 Pauli
936 2717 1282 2767 successores,
1316 2698 1795 2772 itemque-saepius
1815 2698 2008 2754 dicunt

121 2808 244 2846 sese
290 2792 444 2864 fungi
487 2780 771 2849 Beatoruni
812 2795 1180 2866 Apostolorum
1221 2796 1365 2850 Petri
1410 2803 1460 2850 et
1486 2796 1641 2852 Paule·
1669 2798 2003 2851 auctoritate.

122 2889 277 2944 Hisce
308 2898 493 2947 autom
522 2882 898 2947 locutionibus
926 2899 1114 2966 aperte
1137 2892 1399 2949 denotant
1434 2894 1707 2949 ambobus
1729 2894 2006 2968 Apostolis

123 3007 478 3043 communem
507 2990 681 3045 fuisse
713 2990 1040 3063 primatum.

195 3084 516 3156 Respomleo.
544 3119 620 3125 —
650 3087 778 3141 Sese
813 3086 1038 3158 quidem
1069 3087 1366 3161 utriusque
1394 3106 1743 3145 successores
1780 3097 2000 3160 vocant,

121 3187 174 3233 at
203 3179 414 3234 diverso
449 3199 615 3236 sensu
644 3202 653 3233 :
682 3201 1028 3240 successores
1071 3185 1282 3242 scilicet
1327 3187 1626 3260 utriusque
1648 3187 1832 3259 quoad
1859 3186 2004 3258 epis-

119 3281 377 3348 copatum
403 3276 714 3332 Romanum
737 3303 747 3345 ;
790 3280 1173 3338 solius‘autem
1199 3283 1345 3339 Petri
1371 3284 1554 3355 quoad
1580 3282 1999 3356 praerogativam

119 3372 416 3445 primatus,
450 3391 546 3428 scu
578 3364 759 3445 quoad
790 3384 1116 3450 potestatem
1145 3379 1482 3434 universalis
1513 3377 1826 3460 regiminis.
1858 3378 1997 3434 Dum

119 3476 303 3524 autem
350 3470 645 3542 utriusque
670 3475 984 3528 auctoritate
1013 3474 1173 3529 nixos
1220 3492 1339 3530 sese
1370 3474 1648 3542 dictitant,
1678 3474 1998 3547 intelligunt

119 3570 475 3623 auctoritatem
512 3572 812 3641 patrocinii,
866 3589 967 3626 nec
1008 3570 1162 3626 aliud
1209 3571 1361 3626 hisce
1399 3571 1656 3627 formulis
1696 3571 1995 3629 intendunt

118 3681 284 3733 quam
332 3665 623 3720 amborum
678 3666 953 3722 auxilium
997 3667 1316 3742 implorare.
1365 3668 1473 3724 Nec
1516 3669 1714 3725 desunt
1741 3669 1991 3726 formulae
