2372 4108
883 283 1004 330 PARS
1034 268 1200 330 PfflMA'.
1902 276 1983 321 111

106 396 163 451 id
187 412 355 451 VOS...
403 410 566 467 posse
603 391 871 466 perferre,
918 407 1020 446 nec
1060 388 1180 461 ejus
1221 386 1444 444 obviare
1474 382 1633 442 sactis
1684 388 1782 439 aut
1821 399 1992 456 repu-

107 510 277 567 gnare
302 490 615 548 conatibus,
642 488 848 544 Idcirco
879 503 1058 543 curam
1082 486 1266 554 vestri,
1309 484 1440 541 licet
1475 490 1529 540 et
1556 481 1838 557 prioribus
1861 499 1995 538 com-

107 593 338 646 miserim
400 587 604 644 litteris
658 592 853 642 vestrae
899 580 1319 656 Metropolitano
1370 579 1670 636 Provinciae
1729 577 1890 635 fratri
1944 582 1998 634 et

108 688 432 763 coepiscopo
452 691 640 742 nostro
667 682 939 751 PatrocIO,
962 660 1152 736 tafnen
1173 679 1379 735 iterum
1405 677 1714 748 committo;
1737 684 1800 734 ut
1820 676 1998 752 ipsius

111 786 217 842 tuti
248 784 479 842 consilio
506 790 559 838 et
587 782 1032 854 obtemperantes
1066 777 1297 834 nutibus
1331 776 1566 849 dignum
1603 775 1831 849 possitis
1858 774 1999 831 acci-

111 901 240 957 pere
286 881 628 938 sacerdotem
652 900 676 931 »
711 877 878 952 (apud
909 877 1191 941 Coustant,
1216 875 1464 948 Epistola?
1487 873 1846 929 Romanorum
1870 873 2004 929 Pon-

112 983 326 1052 tificum,
372 979 476 1036 001.
510 977 644 1046 975,
683 975 817 1032 edit.
860 974 1108 1038 Parisiis,
1134 972 1332 1045 1721).
1367 970 1478 1027 Hac
1508 971 1758 1045 profecto
1801 969 2001 1042 agendi

114 1078 327 1136 ratione
353 1076 460 1133 sibi
477 1071 889 1149 jurisdictionis
928 1071 1233 1145 primatum
1266 1068 1512 1125 vindicat
1552 1066 1803 1123 Zoziinus
1835 1075 2004 1140 atque

116 1182 347 1232 exercet.

193 1275 245 1328 5.
267 1274 323 1327 ln
342 1272 459 1328 suis
475 1271 540 1326 ad
559 1270 845 1325 Africanos
866 1268 1162 1343 Episcopos
1184 1266 1385 1323 litteris
1409 1288 1419 1319 ;
1451 1286 1477 1318 «
1502 1263 1762 1329 Quamvis
1778 1264 2004 1320 Patrum

121 1370 342 1426 traditio
375 1368 696 1442 Apostolicae
729 1366 850 1422 Sedi
883 1365 1270 1422 auctoritatem
1297 1368 1509 1419 tantam
1540 1363 1824 1432 tribuerit,
1854 1367 1914 1417 ut
1943 1363 2007 1416 de

126 1469 227 1538 ejus
250 1469 444 1540 judicio
477 1468 768 1538 disceptare
794 1463 967 1518 nullus
998 1464 1239 1532 auderet,
1271 1462 1439 1534 idque
1466 1479 1563 1535 per
1601 1478 1840 1516 canones
1878 1476 2011 1514 sem-

124 1582 219 1635 per
247 1565 574 1638 regulasque
610 1561 925 1626 servas-erin
969 1567 1022 1616 et
1058 1577 1293 1615 currens
1325 1560 1503 1614 adhuc
1533 1557 1652 1613 suis
1684 1557 1900 1629 legibus
1926 1575 2012 1612 cc-

127 1661 429 1717 clesiastica
456 1659 747 1733 disciplina
770 1658 912 1713 Petri
939 1657 1174 1726 nomini,
1203 1675 1232 1711 a
1258 1675 1365 1730 quo
1392 1656 1512 1730 ipsa
1537 1675 1760 1728 quoque
1787 1656 2015 1711 descen-

126 1757 226 1825 dit,
274 1756 636 1813 reverentiam
682 1771 852 1824 quam
894 1753 1054 1807 debet
1091 1752 1382 1807 exsolvat:
1435 1759 1635 1806 tantam
1688 1751 1839 1807 enim
1886 1751 2018 1806 huic

122 1849 369 1921 apostolo
410 1846 679 1902 canonica
718 1846 1027 1917 antiquitas
1070 1863 1168 1919 per
1211 1844 1516 1921 sententias
1557 1845 1813 1900 omnium
1852 1846 2018 1900 voluit

126 1963 234 2000 esse
268 1947 577 2017 potentiam,
618 1961 681 1998 ex
717 1945 829 2016 ipsa
871 1960 1068 2015 quoque
1090 1943 1281 1999 Christi
1317 1943 1408 1998 Dei
1443 1945 1614 1998 nostri
1639 1944 2013 2016 promissione,

127 2048 188 2098 111
231 2047 285 2098 01
324 2041 489 2114 ligata
535 2040 768 2096 solveret
813 2047 867 2096 et
906 2040 1087 2096 soluta
1127 2039 1382 2107 vinciret3
1424 2059 1527 2114 par
1564 2042 1847 2114 potestatis
1890 2041 2018 2096 data

126 2142 352 2197 conditio
393 2143 446 2195 in
487 2158 595 2209 eos,
640 2140 737 2212 qui
779 2139 930 2196 Sedis
972 2140 1354 2210 haereditatem,
1402 2139 1522 2214 ipso
1572 2147 1873 2209 annuente,
1911 2158 2015 2196 me-

127 2241 346 2294 ruissent
377 2227 400 2290 ⁵:
445 2239 607 2294 hahet
652 2237 800 2293 enim
853 2237 991 2312 ipse,
1025 2257 1139 2293 cum
1185 2240 1414 2294 omnium
1466 2238 1841 2309 Ecclesiarum,
1896 2245 2016 2296 111111

126 2336 289 2410 hujus
329 2336 568 2392 maxime
606 2336 703 2392 ubi
743 2335 979 2404 sederat,
1024 2355 1223 2402 curarim
1260 2355 1361 2393 nec
1403 2337 1614 2411 patitur
1654 2336 1865 2411 aliquid
1903 2336 2016 2412 pri·

128 2432 306 2504 vilegii
333 2439 427 2489 aut
466 2434 650 2507 aliqua
692 2433 935 2490 titubare
975 2453 1109 2489 aura
1149 2434 1456 2502 sententiae,
1502 2434 1594 2490 cui
1633 2434 1753 2509 ipsa
1805 2435 1893 2491 sui
1920 2455 2018 2491 no-

132 2529 296 2585 minis
343 2529 501 2587 firma
555 2537 607 2586 et
653 2531 824 2586 nullis
879 2531 1134 2586 hebetata
1181 2531 1429 2586 motibus
1483 2531 1775 2586 constituit
1818 2532 2018 2587 funda—

133 2633 333 2695 menta,
389 2635 443 2684 et
483 2647 608 2701 quae
648 2628 767 2682 sine
813 2646 913 2682 suo
947 2627 1196 2701 periculo
1240 2634 1446 2682 temere
1491 2628 1681 2682 nullus
1732 2627 2014 2684 incessat:

64 2791 67 2793 ,
129 2743 255 2780 cuin
292 2743 422 2797 ergo
473 2731 635 2780 tantae
677 2723 1027 2779 auctoritatis
1067 2724 1260 2779 Petrus
1302 2730 1468 2798 caput
1510 2724 1602 2792 sit,
1646 2730 1698 2780 01
1733 2724 2018 2797 sequentia

130 2821 381 2877 oninium
419 2821 694 2893 majorum
735 2820 917 2876 studia
954 2820 1281 2889 firmaverit,
1320 2827 1383 2876 ut
1418 2828 1532 2876 tam
1568 2821 1829 2877 humanis
1865 2841 2022 2895 quam

129 2919 322 2974 divinis
347 2918 562 2991 legibus
585 2924 639 2974 et
660 2918 972 2992 disciplinis
998 2918 1257 2974 omnibus
1286 2918 1543 2975 firmetur
1563 2920 1810 2976 Romana
1837 2920 2019 2978 Eccle-

130 3017 229 3085 sia,
261 3017 424 3090 cujus
451 3017 636 3072 locum
679 3035 779 3072 nos
810 3035 1022 3090 regere,
1059 3017 1236 3091 ipsius
1278 3036 1500 3091 quoque
1543 3025 1876 3093 potestatem
1920 3037 2018 3075 110-

133 3112 298 3168 minis
331 3112 580 3169 ohtinere
606 3131 716 3168 non
756 3113 890 3169 latet
919 3132 1036 3182 vos,
1072 3114 1168 3169 sed
1210 3114 1411 3184 1105115,
1442 3115 1642 3171 fratres
1678 3115 2016 3180 charissimi,

138 3215 211 3277 et,
257 3209 732 3282 quemadmodum
784 3210 1123 3278 sacerdoteS,
1173 3209 1316 3266 scire
1365 3210 1617 3266 debetis:
1671 3219 1859 3265 tamen
1910 3226 2022 3263 cum

135 3316 329 3363 tantum
360 3309 505 3363 nobis
541 3314 674 3362 esset
713 3310 1066 3376 accetoritatIs,
1106 3315 1162 3362 ut
1205 3310 1376 3364 nullus
1411 3309 1475 3363 de
1507 3318 1695 3363 nostra
1732 3307 1903 3378 possit
1945 3324 2025 3361 re-

134 3413 360 3461 tractare
390 3406 675 3467 sementim
723 3403 864 3459 nihil
907 3405 1125 3476 egimus
1166 3405 1316 3476 quod
1357 3422 1468 3459 non
1509 3404 1575 3458 ad
1603 3409 1845 3459 vestram
1883 3404 2026 3460 noti-

140 3502 273 3558 tiam
342 3502 549 3558 nostris
607 3501 758 3556 ultro
807 3500 1010 3556 litteris
1060 3501 1453 3556 referremus»
1520 3500 1688 3575 (apud
1742 3502 2024 3573 Constant,

135 3601 378 3676 Epistolae
393 3602 755 3658 Romanorum
778 3599 1112 3669 Pontificum,
1133 3598 1237 3653 col.
1258 3598 1390 3666 974,
1411 3598 1544 3653 edit.
1563 3599 1808 3673 Parisiis,
1832 3601 2022 3674 1721).

136 3698 254 3755 11ωο
296 3698 566 3756 nimirum
612 3696 787 3754 sancti
831 3694 1030 3753 Zozinii
1074 3694 1326 3751 doctrina
1361 3718 1371 3750 :
1411 3696 1478 3753 de
1524 3697 1675 3753 Sedis
1713 3699 2027 3772 Apostolicae
