<?xml version="1.0" encoding="UTF-8"?>
<!DOCTYPE html PUBLIC "-//W3C//DTD XHTML 1.0 Transitional//EN"
    "http://www.w3.org/TR/xhtml1/DTD/xhtml1-transitional.dtd">
<html xmlns="http://www.w3.org/1999/xhtml" xml:lang="en" lang="en">
 <head>
  <title>
</title>
<meta http-equiv="Content-Type" content="text/html;charset=utf-8" />
  <meta name='ocr-system' content='tesseract 3.04.00' />
  <meta name='ocr-capabilities' content='ocr_page ocr_carea ocr_par ocr_line ocrx_word'/>
</head>
<body>
  <div class='ocr_page' id='page_1' title='image "a548470101bouiuoft_0347.png"; bbox 0 0 2320 4010; ppageno 0'>
   <div class='ocr_carea' id='block_1_1' title="bbox 844 164 1980 222">
    <p class='ocr_par' dir='ltr' id='par_1_1' title="bbox 844 164 1980 222">
     <span class='ocr_line' id='line_1_1' title="bbox 844 164 1980 222; baseline -0.01 1"><span class='ocrx_word' id='word_1_1' title='bbox 844 174 971 222; x_wconf 83' lang='lat' dir='ltr'><strong>PARS</strong></span> <span class='ocrx_word' id='word_1_2' title='bbox 1001 173 1240 222; x_wconf 81' lang='lat' dir='ltr'><strong>SECUNDA.</strong></span> <span class='ocrx_word' id='word_1_3' title='bbox 1894 164 1980 213; x_wconf 79' lang='lat'><strong>55⁷</strong></span> 
     </span>
    </p>
   </div>
   <div class='ocr_carea' id='block_1_2' title="bbox 92 256 2046 3716">
    <p class='ocr_par' dir='ltr' id='par_1_2' title="bbox 109 256 2046 1697">
     <span class='ocr_line' id='line_1_2' title="bbox 187 256 1979 356; baseline -0.009 -16"><span class='ocrx_word' id='word_1_4' title='bbox 187 283 443 353; x_wconf 81' lang='lat' dir='ltr'><strong>Secundo,</strong></span> <span class='ocrx_word' id='word_1_5' title='bbox 477 278 822 356; x_wconf 83' lang='lat' dir='ltr'><strong>apertissime</strong></span> <span class='ocrx_word' id='word_1_6' title='bbox 849 278 1002 336; x_wconf 92' lang='lat' dir='ltr'><strong>Sedis</strong></span> <span class='ocrx_word' id='word_1_7' title='bbox 1047 275 1374 353; x_wconf 82' lang='lat' dir='ltr'><strong>Apostolicae</strong></span> <span class='ocrx_word' id='word_1_8' title='bbox 1403 256 1852 331; x_wconf 78' lang='lat' dir='ltr'><strong>infallibilitatem</strong></span> <span class='ocrx_word' id='word_1_9' title='bbox 1885 286 1979 326; x_wconf 86' lang='lat' dir='ltr'><strong>ex-</strong></span> 
     </span>
     <span class='ocr_line' id='line_1_3' title="bbox 112 366 1974 457; baseline -0.008 -19"><span class='ocrx_word' id='word_1_10' title='bbox 112 382 363 457; x_wconf 88' lang='lat' dir='ltr'><strong>primunt</strong></span> <span class='ocrx_word' id='word_1_11' title='bbox 413 398 536 453; x_wconf 83' lang='lat' dir='ltr'><strong>quae</strong></span> <span class='ocrx_word' id='word_1_12' title='bbox 572 377 926 434; x_wconf 78' lang='lat' dir='ltr'><strong>Innocentius</strong></span> <span class='ocrx_word' id='word_1_13' title='bbox 970 377 990 432; x_wconf 95' lang='lat'>1</span> <span class='ocrx_word' id='word_1_14' title='bbox 1033 373 1306 431; x_wconf 79' lang='lat' dir='ltr'><strong>Africanis</strong></span> <span class='ocrx_word' id='word_1_15' title='bbox 1362 372 1619 429; x_wconf 89' lang='lat' dir='ltr'><strong>Patribus</strong></span> <span class='ocrx_word' id='word_1_16' title='bbox 1670 366 1974 443; x_wconf 82' lang='lat' dir='ltr'><strong>rescripsit.</strong></span> 
     </span>
     <span class='ocr_line' id='line_1_4' title="bbox 109 465 1977 548; baseline -0.007 -13"><span class='ocrx_word' id='word_1_17' title='bbox 109 479 247 536; x_wconf 87' lang='lat' dir='ltr'><strong>Dicit</strong></span> <span class='ocrx_word' id='word_1_18' title='bbox 278 479 422 535; x_wconf 89' lang='lat' dir='ltr'><strong>enim</strong></span> <span class='ocrx_word' id='word_1_19' title='bbox 456 496 547 534; x_wconf 91' lang='lat' dir='ltr'><strong>eos</strong></span> <span class='ocrx_word' id='word_1_20' title='bbox 573 482 722 533; x_wconf 89' lang='lat' dir='ltr'><strong>recte</strong></span> <span class='ocrx_word' id='word_1_21' title='bbox 757 474 1118 548; x_wconf 85' lang='lat' dir='ltr'><strong>quaestionem</strong></span> <span class='ocrx_word' id='word_1_22' title='bbox 1153 471 1524 530; x_wconf 85' lang='lat' dir='ltr'><strong>definiendam</strong></span> <span class='ocrx_word' id='word_1_23' title='bbox 1568 483 1880 527; x_wconf 84' lang='lat' dir='ltr'><strong>reservasse</strong></span> <span class='ocrx_word' id='word_1_24' title='bbox 1898 465 1977 540; x_wconf 84' lang='lat' dir='ltr'><strong>ju·</strong></span> 
     </span>
     <span class='ocr_line' id='line_1_5' title="bbox 114 561 1984 642; baseline -0.007 -11"><span class='ocrx_word' id='word_1_25' title='bbox 114 575 256 631; x_wconf 91' lang='lat' dir='ltr'><strong>dicio</strong></span> <span class='ocrx_word' id='word_1_26' title='bbox 283 575 539 630; x_wconf 83' lang='lat' dir='ltr'><strong>Romanae</strong></span> <span class='ocrx_word' id='word_1_27' title='bbox 567 571 742 640; x_wconf 78' lang='lat' dir='ltr'><strong>Sedis,</strong></span> <span class='ocrx_word' id='word_1_28' title='bbox 789 570 1022 628; x_wconf 90' lang='lat' dir='ltr'><strong>scientes</strong></span> <span class='ocrx_word' id='word_1_29' title='bbox 1064 569 1198 642; x_wconf 86' lang='lat' dir='ltr'><strong>quid</strong></span> <span class='ocrx_word' id='word_1_30' title='bbox 1229 567 1359 625; x_wconf 90' lang='lat' dir='ltr'><strong>huic</strong></span> <span class='ocrx_word' id='word_1_31' title='bbox 1386 566 1501 624; x_wconf 89' lang='lat' dir='ltr'><strong>sedi</strong></span> <span class='ocrx_word' id='word_1_32' title='bbox 1531 568 1779 623; x_wconf 79' lang='lat' dir='ltr'><strong>debeatur</strong></span> <span class='ocrx_word' id='word_1_33' title='bbox 1790 587 1809 632; x_wconf 93' lang='lat'><strong>‚·</strong></span> <span class='ocrx_word' id='word_1_34' title='bbox 1835 561 1984 638; x_wconf 90' lang='lat' dir='ltr'><strong>quod</strong></span> 
     </span>
     <span class='ocr_line' id='line_1_6' title="bbox 117 659 1988 748; baseline -0.007 -19"><span class='ocrx_word' id='word_1_35' title='bbox 117 673 345 748; x_wconf 87' lang='lat' dir='ltr'><strong>perinde</strong></span> <span class='ocrx_word' id='word_1_36' title='bbox 388 677 471 728; x_wconf 91' lang='lat' dir='ltr'><strong>est</strong></span> <span class='ocrx_word' id='word_1_37' title='bbox 499 687 563 725; x_wconf 90' lang='lat' dir='ltr'><strong>ac</strong></span> <span class='ocrx_word' id='word_1_38' title='bbox 598 669 799 736; x_wconf 91' lang='lat' dir='ltr'><strong>dicere,</strong></span> <span class='ocrx_word' id='word_1_39' title='bbox 839 659 1177 723; x_wconf 87' lang='lat' dir='ltr'><strong>definitivam</strong></span> <span class='ocrx_word' id='word_1_40' title='bbox 1201 665 1259 720; x_wconf 93' lang='lat' dir='ltr'><strong>in</strong></span> <span class='ocrx_word' id='word_1_41' title='bbox 1287 663 1687 737; x_wconf 66' lang='lat' dir='ltr'><strong>quaestionibus</strong></span> <span class='ocrx_word' id='word_1_42' title='bbox 1714 660 1843 718; x_wconf 90' lang='lat' dir='ltr'><strong>fidei</strong></span> <span class='ocrx_word' id='word_1_43' title='bbox 1870 678 1988 718; x_wconf 89' lang='lat' dir='ltr'><strong>sen-</strong></span> 
     </span>
     <span class='ocr_line' id='line_1_7' title="bbox 116 757 1985 833; baseline -0.005 -10"><span class='ocrx_word' id='word_1_44' title='bbox 116 767 343 823; x_wconf 86' lang='lat' dir='ltr'><strong>tentiam</strong></span> <span class='ocrx_word' id='word_1_45' title='bbox 373 766 439 820; x_wconf 91' lang='lat' dir='ltr'><strong>ad</strong></span> <span class='ocrx_word' id='word_1_46' title='bbox 479 765 658 820; x_wconf 93' lang='lat' dir='ltr'><strong>solum</strong></span> <span class='ocrx_word' id='word_1_47' title='bbox 690 764 1000 819; x_wconf 90' lang='lat' dir='ltr'><strong>Romanum</strong></span> <span class='ocrx_word' id='word_1_48' title='bbox 1041 759 1360 816; x_wconf 88' lang='lat' dir='ltr'><strong>Pontificem</strong></span> <span class='ocrx_word' id='word_1_49' title='bbox 1403 759 1704 833; x_wconf 91' lang='lat' dir='ltr'><strong>pertinere.</strong></span> <span class='ocrx_word' id='word_1_50' title='bbox 1750 757 1985 813; x_wconf 85' lang='lat' dir='ltr'><strong>Causam</strong></span> 
     </span>
     <span class='ocr_line' id='line_1_8' title="bbox 113 854 1988 931; baseline -0.005 -12"><span class='ocrx_word' id='word_1_51' title='bbox 113 869 295 919; x_wconf 90' lang='lat' dir='ltr'><strong>autem</strong></span> <span class='ocrx_word' id='word_1_52' title='bbox 318 879 418 917; x_wconf 86' lang='lat' dir='ltr'><strong>cur</strong></span> <span class='ocrx_word' id='word_1_53' title='bbox 440 879 550 916; x_wconf 91' lang='lat' dir='ltr'><strong>non</strong></span> <span class='ocrx_word' id='word_1_54' title='bbox 567 861 814 931; x_wconf 59' lang='lat' dir='ltr'><strong>finienda„²</strong></span> <span class='ocrx_word' id='word_1_55' title='bbox 837 861 939 914; x_wconf 76' lang='lat' dir='ltr'><strong>sint</strong></span> <span class='ocrx_word' id='word_1_56' title='bbox 962 874 1141 913; x_wconf 83' lang='lat' dir='ltr'><strong>causae</strong></span> <span class='ocrx_word' id='word_1_57' title='bbox 1168 855 1291 910; x_wconf 84' lang='lat' dir='ltr'><strong>fidei</strong></span> <span class='ocrx_word' id='word_1_58' title='bbox 1316 855 1426 910; x_wconf 91' lang='lat' dir='ltr'><strong>nisi</strong></span> <span class='ocrx_word' id='word_1_59' title='bbox 1447 855 1603 928; x_wconf 90' lang='lat' dir='ltr'><strong>prius</strong></span> <span class='ocrx_word' id='word_1_60' title='bbox 1628 854 1853 927; x_wconf 85' lang='lat' dir='ltr'><strong>perlatae</strong></span> <span class='ocrx_word' id='word_1_61' title='bbox 1875 854 1988 909; x_wconf 87' lang='lat' dir='ltr'><strong>sint</strong></span> 
     </span>
     <span class='ocr_line' id='line_1_9' title="bbox 114 947 2046 1033; baseline -0.006 -21"><span class='ocrx_word' id='word_1_62' title='bbox 114 957 179 1012; x_wconf 87' lang='lat' dir='ltr'><strong>ad</strong></span> <span class='ocrx_word' id='word_1_63' title='bbox 219 955 370 1012; x_wconf 87' lang='lat' dir='ltr'><strong>Sedis</strong></span> <span class='ocrx_word' id='word_1_64' title='bbox 405 953 727 1033; x_wconf 87' lang='lat' dir='ltr'><strong>Apostolicae</strong></span> <span class='ocrx_word' id='word_1_65' title='bbox 766 951 1045 1019; x_wconf 83' lang='lat' dir='ltr'><strong>notitiam,</strong></span> <span class='ocrx_word' id='word_1_66' title='bbox 1077 952 1222 1006; x_wconf 89' lang='lat' dir='ltr'><strong>hanc</strong></span> <span class='ocrx_word' id='word_1_67' title='bbox 1262 965 1381 1005; x_wconf 90' lang='lat' dir='ltr'><strong>esse</strong></span> <span class='ocrx_word' id='word_1_68' title='bbox 1410 948 1585 1004; x_wconf 88' lang='lat' dir='ltr'><strong>dicit:</strong></span> <span class='ocrx_word' id='word_1_69' title='bbox 1619 947 1679 1004; x_wconf 74' lang='lat' dir='ltr'><strong>Ue</strong></span> <span class='ocrx_word' id='word_1_70' title='bbox 1721 955 1830 1003; x_wconf 84' lang='lat' dir='ltr'><strong>tota</strong></span> <span class='ocrx_word' id='word_1_71' title='bbox 1868 965 1991 1018; x_wconf 84' lang='lat' dir='ltr'><strong>pro·</strong></span> <span class='ocrx_word' id='word_1_72' title='bbox 2027 960 2046 979; x_wconf 83' lang='lat'><strong>·</strong></span> 
     </span>
     <span class='ocr_line' id='line_1_10' title="bbox 114 1046 1987 1124; baseline -0.005 -16"><span class='ocrx_word' id='word_1_73' title='bbox 114 1055 370 1108; x_wconf 75' lang='grc' dir='ltr'><strong><em>ηιιηῑὶαῑὶο</em></strong></span> <span class='ocrx_word' id='word_1_74' title='bbox 405 1053 555 1124; x_wconf 83' lang='lat' dir='ltr'><strong>hujus</strong></span> <span class='ocrx_word' id='word_1_75' title='bbox 583 1051 723 1106; x_wconf 81' lang='lat' dir='ltr'><strong>sedis</strong></span> <span class='ocrx_word' id='word_1_76' title='bbox 759 1051 1073 1105; x_wconf 78' lang='lat' dir='ltr'><strong>auctoritate</strong></span> <span class='ocrx_word' id='word_1_77' title='bbox 1099 1049 1360 1119; x_wconf 77' lang='lat' dir='ltr'><strong>firmetur,</strong></span> <span class='ocrx_word' id='word_1_78' title='bbox 1399 1046 1623 1117; x_wconf 75' lang='lat' dir='ltr'><strong>indeque</strong></span> <span class='ocrx_word' id='word_1_79' title='bbox 1647 1051 1862 1100; x_wconf 81' lang='lat' dir='ltr'><strong>sumant</strong></span> <span class='ocrx_word' id='word_1_80' title='bbox 1887 1061 1987 1099; x_wconf 71' lang='lat' dir='ltr'><strong>cae-</strong></span> 
     </span>
     <span class='ocr_line' id='line_1_11' title="bbox 117 1139 1987 1219; baseline -0.005 -16"><span class='ocrx_word' id='word_1_81' title='bbox 117 1156 232 1203; x_wconf 80' lang='lat' dir='ltr'><strong>tera:</strong></span> <span class='ocrx_word' id='word_1_82' title='bbox 274 1148 515 1203; x_wconf 64' lang='lat' dir='ltr'><strong>Ecclesiae</strong></span> <span class='ocrx_word' id='word_1_83' title='bbox 551 1147 684 1219; x_wconf 91' lang='lat' dir='ltr'><strong>quid</strong></span> <span class='ocrx_word' id='word_1_84' title='bbox 716 1153 903 1203; x_wconf 90' lang='lat' dir='ltr'><strong>tenere</strong></span> <span class='ocrx_word' id='word_1_85' title='bbox 931 1146 1187 1201; x_wconf 90' lang='lat' dir='ltr'><strong>debcant.</strong></span> <span class='ocrx_word' id='word_1_86' title='bbox 1217 1143 1332 1199; x_wconf 91' lang='lat' dir='ltr'><strong>Non</strong></span> <span class='ocrx_word' id='word_1_87' title='bbox 1361 1147 1576 1217; x_wconf 88' lang='lat' dir='ltr'><strong>poterat</strong></span> <span class='ocrx_word' id='word_1_88' title='bbox 1610 1139 1816 1197; x_wconf 89' lang='lat' dir='ltr'><strong>clarius</strong></span> <span class='ocrx_word' id='word_1_89' title='bbox 1844 1139 1987 1196; x_wconf 88' lang='lat' dir='ltr'><strong>edici</strong></span> 
     </span>
     <span class='ocr_line' id='line_1_12' title="bbox 115 1239 1989 1315; baseline -0.004 -17"><span class='ocrx_word' id='word_1_90' title='bbox 115 1244 421 1298; x_wconf 84' lang='lat' dir='ltr'><strong>Romanum</strong></span> <span class='ocrx_word' id='word_1_91' title='bbox 445 1243 759 1298; x_wconf 82' lang='lat' dir='ltr'><strong>Pontificem</strong></span> <span class='ocrx_word' id='word_1_92' title='bbox 793 1261 911 1298; x_wconf 90' lang='grc'>0550</span> <span class='ocrx_word' id='word_1_93' title='bbox 937 1259 1266 1315; x_wconf 86' lang='lat' dir='ltr'><strong>supremum</strong></span> <span class='ocrx_word' id='word_1_94' title='bbox 1289 1247 1341 1295; x_wconf 89' lang='lat' dir='ltr'><strong>et</strong></span> <span class='ocrx_word' id='word_1_95' title='bbox 1364 1239 1631 1294; x_wconf 87' lang='lat' dir='ltr'><strong>ultimum</strong></span> <span class='ocrx_word' id='word_1_96' title='bbox 1672 1243 1989 1293; x_wconf 82' lang='lat' dir='ltr'><strong>controver-</strong></span> 
     </span>
     <span class='ocr_line' id='line_1_13' title="bbox 122 1333 1987 1412; baseline -0.002 -17"><span class='ocrx_word' id='word_1_97' title='bbox 122 1340 327 1395; x_wconf 82' lang='lat' dir='ltr'><strong>siarum</strong></span> <span class='ocrx_word' id='word_1_98' title='bbox 365 1340 627 1412; x_wconf 88' lang='lat' dir='ltr'><strong>judiecm,</strong></span> <span class='ocrx_word' id='word_1_99' title='bbox 648 1340 877 1412; x_wconf 87' lang='lat' dir='ltr'><strong>ejusque</strong></span> <span class='ocrx_word' id='word_1_100' title='bbox 904 1340 1122 1394; x_wconf 90' lang='lat' dir='ltr'><strong>decreta</strong></span> <span class='ocrx_word' id='word_1_101' title='bbox 1150 1357 1271 1394; x_wconf 89' lang='lat' dir='ltr'><strong>esse</strong></span> <span class='ocrx_word' id='word_1_102' title='bbox 1294 1337 1473 1410; x_wconf 86' lang='lat' dir='ltr'><strong>quoad</strong></span> <span class='ocrx_word' id='word_1_103' title='bbox 1497 1353 1690 1392; x_wconf 93' lang='lat' dir='ltr'><strong>omnes</strong></span> <span class='ocrx_word' id='word_1_104' title='bbox 1713 1333 1987 1391; x_wconf 87' lang='lat' dir='ltr'><strong>Ecclesias</strong></span> 
     </span>
     <span class='ocr_line' id='line_1_14' title="bbox 124 1418 1988 1508; baseline -0.003 -18"><span class='ocrx_word' id='word_1_105' title='bbox 124 1435 462 1506; x_wconf 72' lang='lat' dir='ltr'><strong>oliligatoria.</strong></span> <span class='ocrx_word' id='word_1_106' title='bbox 491 1435 606 1489; x_wconf 79' lang='lat' dir='ltr'><strong>Jam</strong></span> <span class='ocrx_word' id='word_1_107' title='bbox 641 1453 768 1490; x_wconf 65' lang='lat' dir='ltr'><strong>vero</strong></span> <span class='ocrx_word' id='word_1_108' title='bbox 805 1452 1098 1508; x_wconf 86' lang='lat' dir='ltr'><strong>supremus</strong></span> <span class='ocrx_word' id='word_1_109' title='bbox 1123 1433 1180 1487; x_wconf 89' lang='lat' dir='ltr'><strong>in</strong></span> <span class='ocrx_word' id='word_1_110' title='bbox 1210 1433 1446 1488; x_wconf 79' lang='lat' dir='ltr'><strong>Ecclesia</strong></span> <span class='ocrx_word' id='word_1_111' title='bbox 1468 1418 1638 1505; x_wconf 85' lang='lat' dir='ltr'><strong>judex</strong></span> <span class='ocrx_word' id='word_1_112' title='bbox 1675 1430 1988 1486; x_wconf 85' lang='lat' dir='ltr'><strong>infallibilis</strong></span> 
     </span>
     <span class='ocr_line' id='line_1_15' title="bbox 126 1527 1987 1605; baseline -0.002 -19"><span class='ocrx_word' id='word_1_113' title='bbox 126 1533 196 1587; x_wconf 87' lang='lat' dir='ltr'><strong>sit</strong></span> <span class='ocrx_word' id='word_1_114' title='bbox 230 1550 453 1588; x_wconf 87' lang='lat' dir='ltr'><strong>necesse</strong></span> <span class='ocrx_word' id='word_1_115' title='bbox 479 1539 555 1587; x_wconf 89' lang='lat' dir='ltr'><strong>est</strong></span> <span class='ocrx_word' id='word_1_116' title='bbox 581 1556 590 1597; x_wconf 89' lang='grc'>;</span> <span class='ocrx_word' id='word_1_117' title='bbox 624 1550 723 1586; x_wconf 89' lang='lat' dir='ltr'><strong>nec</strong></span> <span class='ocrx_word' id='word_1_118' title='bbox 744 1531 1068 1603; x_wconf 84' lang='lat' dir='ltr'><strong>obligatoria</strong></span> <span class='ocrx_word' id='word_1_119' title='bbox 1092 1548 1212 1586; x_wconf 95' lang='grc'>0550</span> <span class='ocrx_word' id='word_1_120' title='bbox 1238 1537 1473 1605; x_wconf 85' lang='lat' dir='ltr'><strong>possunt</strong></span> <span class='ocrx_word' id='word_1_121' title='bbox 1494 1530 1614 1603; x_wconf 88' lang='lat' dir='ltr'><strong>ejus</strong></span> <span class='ocrx_word' id='word_1_122' title='bbox 1644 1528 1789 1585; x_wconf 84' lang='lat' dir='ltr'><strong>eirea</strong></span> <span class='ocrx_word' id='word_1_123' title='bbox 1823 1527 1987 1584; x_wconf 88' lang='lat' dir='ltr'><strong>fidem</strong></span> 
     </span>
     <span class='ocr_line' id='line_1_16' title="bbox 126 1627 1062 1697; baseline -0.001 -15"><span class='ocrx_word' id='word_1_124' title='bbox 126 1628 364 1697; x_wconf 84' lang='lat' dir='ltr'><strong>decreta,</strong></span> <span class='ocrx_word' id='word_1_125' title='bbox 390 1628 433 1683; x_wconf 92' lang='lat' dir='ltr'><strong>si</strong></span> <span class='ocrx_word' id='word_1_126' title='bbox 465 1627 639 1682; x_wconf 89' lang='lat' dir='ltr'><strong>errori</strong></span> <span class='ocrx_word' id='word_1_127' title='bbox 662 1627 895 1683; x_wconf 83' lang='lat' dir='ltr'><strong>obnoxia</strong></span> <span class='ocrx_word' id='word_1_128' title='bbox 931 1627 1062 1682; x_wconf 90' lang='lat' dir='ltr'><strong>sint.</strong></span> 
     </span>
    </p>

    <p class='ocr_par' dir='ltr' id='par_1_3' title="bbox 119 1721 1993 2278">
     <span class='ocr_line' id='line_1_17' title="bbox 204 1721 1990 1792; baseline -0.001 -14"><span class='ocrx_word' id='word_1_129' title='bbox 204 1724 393 1792; x_wconf 80' lang='lat' dir='ltr'><strong>Tertio,</strong></span> <span class='ocrx_word' id='word_1_130' title='bbox 418 1722 636 1777; x_wconf 87' lang='lat' dir='ltr'><strong>tandem</strong></span> <span class='ocrx_word' id='word_1_131' title='bbox 684 1723 1139 1778; x_wconf 83' lang='lat' dir='ltr'><strong>infallibilitatem</strong></span> <span class='ocrx_word' id='word_1_132' title='bbox 1164 1721 1397 1778; x_wconf 88' lang='lat' dir='ltr'><strong>Romani</strong></span> <span class='ocrx_word' id='word_1_133' title='bbox 1423 1721 1701 1777; x_wconf 82' lang='lat' dir='ltr'><strong>Pontisrcis</strong></span> <span class='ocrx_word' id='word_1_134' title='bbox 1727 1722 1851 1778; x_wconf 86' lang='lat' dir='ltr'><strong>luce</strong></span> <span class='ocrx_word' id='word_1_135' title='bbox 1879 1739 1990 1776; x_wconf 89' lang='lat' dir='ltr'><strong>me-</strong></span> 
     </span>
     <span class='ocr_line' id='line_1_18' title="bbox 124 1817 1989 1890; baseline -0.001 -18"><span class='ocrx_word' id='word_1_136' title='bbox 124 1819 336 1873; x_wconf 89' lang='lat' dir='ltr'><strong>ridiana</strong></span> <span class='ocrx_word' id='word_1_137' title='bbox 382 1818 586 1873; x_wconf 89' lang='lat' dir='ltr'><strong>clarius</strong></span> <span class='ocrx_word' id='word_1_138' title='bbox 621 1818 921 1873; x_wconf 89' lang='lat' dir='ltr'><strong>adstruunt</strong></span> <span class='ocrx_word' id='word_1_139' title='bbox 965 1819 1139 1873; x_wconf 87' lang='lat' dir='ltr'><strong>saneti</strong></span> <span class='ocrx_word' id='word_1_140' title='bbox 1172 1817 1470 1890; x_wconf 87' lang='lat' dir='ltr'><strong>Augustini</strong></span> <span class='ocrx_word' id='word_1_141' title='bbox 1501 1819 1685 1873; x_wconf 73' lang='lat' dir='ltr'><strong>verba.</strong></span> <span class='ocrx_word' id='word_1_142' title='bbox 1724 1818 1851 1872; x_wconf 86' lang='lat' dir='ltr'><strong>Post</strong></span> <span class='ocrx_word' id='word_1_143' title='bbox 1878 1818 1989 1872; x_wconf 88' lang='lat' dir='ltr'><strong>duo</strong></span> 
     </span>
     <span class='ocr_line' id='line_1_19' title="bbox 121 1913 1990 1987; baseline 0.001 -20"><span class='ocrx_word' id='word_1_144' title='bbox 121 1913 349 1969; x_wconf 89' lang='lat' dir='ltr'><strong>eoncilia</strong></span> <span class='ocrx_word' id='word_1_145' title='bbox 381 1913 631 1968; x_wconf 84' lang='lat' dir='ltr'><strong>Africana</strong></span> <span class='ocrx_word' id='word_1_146' title='bbox 658 1920 709 1969; x_wconf 89' lang='lat' dir='ltr'><strong>et</strong></span> <span class='ocrx_word' id='word_1_147' title='bbox 738 1921 864 1969; x_wconf 84' lang='lat' dir='ltr'><strong>ante</strong></span> <span class='ocrx_word' id='word_1_148' title='bbox 882 1914 1115 1969; x_wconf 88' lang='lat' dir='ltr'><strong>Romani</strong></span> <span class='ocrx_word' id='word_1_149' title='bbox 1139 1915 1415 1969; x_wconf 74' lang='lat' dir='ltr'><strong>pontificis</strong></span> <span class='ocrx_word' id='word_1_150' title='bbox 1434 1914 1735 1987; x_wconf 89' lang='lat' dir='ltr'><strong>judicium,</strong></span> <span class='ocrx_word' id='word_1_151' title='bbox 1761 1915 1990 1968; x_wconf 79' lang='lat' dir='ltr'><strong>nondum</strong></span> 
     </span>
     <span class='ocr_line' id='line_1_20' title="bbox 120 2010 1984 2084; baseline 0.002 -21"><span class='ocrx_word' id='word_1_152' title='bbox 120 2010 373 2063; x_wconf 80' lang='lat' dir='ltr'><strong>evidenter</strong></span> <span class='ocrx_word' id='word_1_153' title='bbox 399 2010 459 2063; x_wconf 85' lang='lat' dir='ltr'><strong>ab</strong></span> <span class='ocrx_word' id='word_1_154' title='bbox 487 2010 710 2063; x_wconf 77' lang='lat' dir='ltr'><strong>Ecclesia</strong></span> <span class='ocrx_word' id='word_1_155' title='bbox 744 2019 1045 2081; x_wconf 82' lang='lat' dir='ltr'><strong>separatam</strong></span> <span class='ocrx_word' id='word_1_156' title='bbox 1072 2010 1349 2066; x_wconf 86' lang='lat' dir='ltr'><strong>existimat</strong></span> <span class='ocrx_word' id='word_1_157' title='bbox 1380 2011 1728 2084; x_wconf 87' lang='lat' dir='ltr'><strong>Pelagianam</strong></span> <span class='ocrx_word' id='word_1_158' title='bbox 1757 2016 1984 2066; x_wconf 85' lang='lat' dir='ltr'><strong>sectam.</strong></span> 
     </span>
     <span class='ocr_line' id='line_1_21' title="bbox 119 2106 1993 2182; baseline 0.002 -21"><span class='ocrx_word' id='word_1_159' title='bbox 119 2106 218 2162; x_wconf 89' lang='lat' dir='ltr'><strong>Sed</strong></span> <span class='ocrx_word' id='word_1_160' title='bbox 253 2106 435 2162; x_wconf 84' lang='lat' dir='ltr'><strong>statim</strong></span> <span class='ocrx_word' id='word_1_161' title='bbox 477 2124 540 2162; x_wconf 90' lang='lat' dir='ltr'><strong>ae</strong></span> <span class='ocrx_word' id='word_1_162' title='bbox 570 2107 945 2181; x_wconf 83' lang='lat' dir='ltr'><strong>pronuntiavit</strong></span> <span class='ocrx_word' id='word_1_163' title='bbox 983 2109 1341 2165; x_wconf 88' lang='lat' dir='ltr'><strong>Innocentius</strong></span> <span class='ocrx_word' id='word_1_164' title='bbox 1381 2111 1423 2180; x_wconf 92' lang='lat' dir='ltr'><strong>I,</strong></span> <span class='ocrx_word' id='word_1_165' title='bbox 1458 2112 1662 2182; x_wconf 76' lang='lat' dir='ltr'><strong>smitam</strong></span> <span class='ocrx_word' id='word_1_166' title='bbox 1690 2129 1902 2167; x_wconf 80' lang='lat' dir='ltr'><strong>causam</strong></span> <span class='ocrx_word' id='word_1_167' title='bbox 1937 2108 1993 2165; x_wconf 88' lang='lat' dir='ltr'><strong>fi-</strong></span> 
     </span>
     <span class='ocr_line' id='line_1_22' title="bbox 121 2199 1991 2278; baseline 0.003 -21"><span class='ocrx_word' id='word_1_168' title='bbox 121 2199 310 2258; x_wconf 88' lang='lat' dir='ltr'><strong>denter</strong></span> <span class='ocrx_word' id='word_1_169' title='bbox 348 2203 539 2259; x_wconf 90' lang='lat' dir='ltr'><strong>asserit</strong></span> <span class='ocrx_word' id='word_1_170' title='bbox 573 2226 582 2257; x_wconf 92' lang='lat'>:</span> <span class='ocrx_word' id='word_1_171' title='bbox 618 2204 888 2277; x_wconf 76' lang='lat' dir='ltr'><strong>Rescripta</strong></span> <span class='ocrx_word' id='word_1_172' title='bbox 926 2214 1178 2261; x_wconf 80' lang='lat' dir='ltr'><strong>venerunt</strong></span> <span class='ocrx_word' id='word_1_173' title='bbox 1211 2226 1223 2259; x_wconf 73' lang='grc' dir='ltr'>ε</span> <span class='ocrx_word' id='word_1_174' title='bbox 1253 2225 1410 2262; x_wconf 82' lang='lat' dir='ltr'><strong>caasa</strong></span> <span class='ocrx_word' id='word_1_175' title='bbox 1455 2209 1610 2278; x_wconf 72' lang='lat' dir='ltr'><strong>finita</strong></span> <span class='ocrx_word' id='word_1_176' title='bbox 1643 2215 1719 2263; x_wconf 84' lang='lat' dir='ltr'><strong>est</strong></span> <span class='ocrx_word' id='word_1_177' title='bbox 1747 2230 1762 2261; x_wconf 90' lang='lat'><strong>.·</strong></span> <span class='ocrx_word' id='word_1_178' title='bbox 1789 2211 1991 2264; x_wconf 79' lang='lat' dir='ltr'><strong>utinam</strong></span> 
     </span>
    </p>

    <p class='ocr_par' dir='ltr' id='par_1_4' title="bbox 92 2301 1990 2749">
     <span class='ocr_line' id='line_1_23' title="bbox 92 2301 1990 2382; baseline 0.004 -28"><span class='ocrx_word' id='word_1_179' title='bbox 92 2301 400 2371; x_wconf 74' lang='lat' dir='ltr'><strong>aliquando</strong></span> <span class='ocrx_word' id='word_1_180' title='bbox 431 2303 643 2372; x_wconf 73' lang='lat' dir='ltr'><strong>finiatur</strong></span> <span class='ocrx_word' id='word_1_181' title='bbox 676 2321 842 2357; x_wconf 84' lang='lat' dir='ltr'><strong>error.</strong></span> <span class='ocrx_word' id='word_1_182' title='bbox 886 2302 1014 2366; x_wconf 79' lang='lat' dir='ltr'><strong>Quae</strong></span> <span class='ocrx_word' id='word_1_183' title='bbox 1060 2305 1357 2378; x_wconf 82' lang='lat' dir='ltr'><strong>Augustini</strong></span> <span class='ocrx_word' id='word_1_184' title='bbox 1395 2306 1692 2377; x_wconf 89' lang='lat' dir='ltr'><strong>sententia,</strong></span> <span class='ocrx_word' id='word_1_185' title='bbox 1723 2313 1990 2382; x_wconf 88' lang='lat' dir='ltr'><strong>perpetuo</strong></span> 
     </span>
     <span class='ocr_line' id='line_1_24' title="bbox 127 2396 1987 2475; baseline 0.003 -25"><span class='ocrx_word' id='word_1_186' title='bbox 127 2396 377 2472; x_wconf 85' lang='lat' dir='ltr'><strong>deinceps</strong></span> <span class='ocrx_word' id='word_1_187' title='bbox 420 2405 679 2472; x_wconf 84' lang='lat' dir='ltr'><strong>tanquam</strong></span> <span class='ocrx_word' id='word_1_188' title='bbox 710 2401 991 2457; x_wconf 87' lang='lat' dir='ltr'><strong>tutissima</strong></span> <span class='ocrx_word' id='word_1_189' title='bbox 1036 2401 1163 2458; x_wconf 87' lang='lat' dir='ltr'><strong>fidei</strong></span> <span class='ocrx_word' id='word_1_190' title='bbox 1202 2403 1394 2475; x_wconf 88' lang='lat' dir='ltr'><strong>regula</strong></span> <span class='ocrx_word' id='word_1_191' title='bbox 1422 2403 1698 2459; x_wconf 80' lang='lat' dir='ltr'><strong>celebrata</strong></span> <span class='ocrx_word' id='word_1_192' title='bbox 1727 2404 1987 2459; x_wconf 86' lang='lat' dir='ltr'><strong>recurrit.</strong></span> 
     </span>
     <span class='ocr_line' id='line_1_25' title="bbox 124 2494 1990 2574; baseline 0.003 -26"><span class='ocrx_word' id='word_1_193' title='bbox 124 2494 222 2563; x_wconf 91' lang='lat' dir='ltr'><strong>An,</strong></span> <span class='ocrx_word' id='word_1_194' title='bbox 245 2513 442 2568; x_wconf 83' lang='lat' dir='ltr'><strong>quaeSO,</strong></span> <span class='ocrx_word' id='word_1_195' title='bbox 468 2497 678 2555; x_wconf 85' lang='lat' dir='ltr'><strong>finitam</strong></span> <span class='ocrx_word' id='word_1_196' title='bbox 698 2500 967 2574; x_wconf 89' lang='lat' dir='ltr'><strong>rescripto</strong></span> <span class='ocrx_word' id='word_1_197' title='bbox 987 2501 1222 2556; x_wconf 86' lang='lat' dir='ltr'><strong>Romani</strong></span> <span class='ocrx_word' id='word_1_198' title='bbox 1242 2500 1517 2556; x_wconf 86' lang='lat' dir='ltr'><strong>Pontiticis</strong></span> <span class='ocrx_word' id='word_1_199' title='bbox 1544 2519 1771 2556; x_wconf 89' lang='lat' dir='ltr'><strong>eausam</strong></span> <span class='ocrx_word' id='word_1_200' title='bbox 1789 2500 1990 2556; x_wconf 85' lang='lat' dir='ltr'><strong>edixis-</strong></span> 
     </span>
     <span class='ocr_line' id='line_1_26' title="bbox 126 2594 1989 2674; baseline 0.004 -28"><span class='ocrx_word' id='word_1_201' title='bbox 126 2598 204 2647; x_wconf 89' lang='lat' dir='ltr'><strong>set</strong></span> <span class='ocrx_word' id='word_1_202' title='bbox 229 2594 584 2668; x_wconf 83' lang='lat' dir='ltr'><strong>Augustinus,</strong></span> <span class='ocrx_word' id='word_1_203' title='bbox 619 2597 666 2653; x_wconf 90' lang='lat' dir='ltr'><strong>si</strong></span> <span class='ocrx_word' id='word_1_204' title='bbox 697 2599 871 2655; x_wconf 91' lang='lat' dir='ltr'><strong>errori</strong></span> <span class='ocrx_word' id='word_1_205' title='bbox 909 2599 1212 2655; x_wconf 85' lang='lat' dir='ltr'><strong>obnoxium</strong></span> <span class='ocrx_word' id='word_1_206' title='bbox 1243 2599 1428 2655; x_wconf 84' lang='lat' dir='ltr'><strong>Romae</strong></span> <span class='ocrx_word' id='word_1_207' title='bbox 1466 2599 1798 2674; x_wconf 78' lang='lat' dir='ltr'><strong>Episcopum</strong></span> <span class='ocrx_word' id='word_1_208' title='bbox 1825 2616 1989 2674; x_wconf 91' lang='lat' dir='ltr'><strong>repu-</strong></span> 
     </span>
     <span class='ocr_line' id='line_1_27' title="bbox 124 2694 323 2749; baseline 0.025 -5"><span class='ocrx_word' id='word_1_209' title='bbox 124 2694 323 2749; x_wconf 85' lang='lat' dir='ltr'><strong>tassct?</strong></span> 
     </span>
    </p>

    <p class='ocr_par' dir='ltr' id='par_1_5' title="bbox 121 2789 1996 3641">
     <span class='ocr_line' id='line_1_28' title="bbox 194 2789 1989 2852; baseline 0.004 -8"><span class='ocrx_word' id='word_1_210' title='bbox 194 2789 277 2845; x_wconf 89' lang='lat'><em>111.</em></span> <span class='ocrx_word' id='word_1_211' title='bbox 303 2791 569 2850; x_wconf 67' lang='lat' dir='ltr'><strong>Doctrina}</strong></span> <span class='ocrx_word' id='word_1_212' title='bbox 634 2812 663 2850; x_wconf 94' lang='grc'>0</span> <span class='ocrx_word' id='word_1_213' title='bbox 687 2794 921 2850; x_wconf 85' lang='lat' dir='ltr'><strong>Romani</strong></span> <span class='ocrx_word' id='word_1_214' title='bbox 946 2795 1225 2851; x_wconf 85' lang='lat' dir='ltr'><strong>Pontifieis</strong></span> <span class='ocrx_word' id='word_1_215' title='bbox 1255 2794 1313 2850; x_wconf 92' lang='lat' dir='ltr'><strong>in</strong></span> <span class='ocrx_word' id='word_1_216' title='bbox 1337 2794 1678 2852; x_wconf 82' lang='lat' dir='ltr'><strong>decernenda</strong></span> <span class='ocrx_word' id='word_1_217' title='bbox 1713 2795 1819 2852; x_wconf 85' lang='lat' dir='ltr'><strong>fide</strong></span> <span class='ocrx_word' id='word_1_218' title='bbox 1847 2795 1989 2852; x_wconf 87' lang='lat' dir='ltr'><strong>iner-</strong></span> 
     </span>
     <span class='ocr_line' id='line_1_29' title="bbox 122 2887 1992 2966; baseline 0.002 -25"><span class='ocrx_word' id='word_1_219' title='bbox 122 2887 298 2944; x_wconf 89' lang='lat' dir='ltr'><strong>rantia</strong></span> <span class='ocrx_word' id='word_1_220' title='bbox 326 2889 503 2963; x_wconf 92' lang='lat' dir='ltr'><strong>primo</strong></span> <span class='ocrx_word' id='word_1_221' title='bbox 529 2891 752 2964; x_wconf 87' lang='lat' dir='ltr'><strong>quidem</strong></span> <span class='ocrx_word' id='word_1_222' title='bbox 783 2892 991 2948; x_wconf 91' lang='lat' dir='ltr'><strong>intuitu</strong></span> <span class='ocrx_word' id='word_1_223' title='bbox 1024 2892 1304 2948; x_wconf 88' lang='lat' dir='ltr'><strong>contraria</strong></span> <span class='ocrx_word' id='word_1_224' title='bbox 1326 2892 1586 2949; x_wconf 74' lang='lat' dir='ltr'><strong>videntur</strong></span> <span class='ocrx_word' id='word_1_225' title='bbox 1618 2911 1739 2966; x_wconf 82' lang='lat' dir='ltr'><strong>quae</strong></span> <span class='ocrx_word' id='word_1_226' title='bbox 1769 2893 1992 2965; x_wconf 87' lang='lat' dir='ltr'><strong>scripsit.</strong></span> 
     </span>
     <span class='ocr_line' id='line_1_30' title="bbox 121 2986 1993 3064; baseline 0.001 -25"><span class='ocrx_word' id='word_1_227' title='bbox 121 2986 458 3059; x_wconf 82' lang='lat' dir='ltr'><strong>Augustinus</strong></span> <span class='ocrx_word' id='word_1_228' title='bbox 485 2988 541 3042; x_wconf 93' lang='lat' dir='ltr'><strong>in</strong></span> <span class='ocrx_word' id='word_1_229' title='bbox 571 2989 689 3043; x_wconf 91' lang='lat' dir='ltr'><strong>suis</strong></span> <span class='ocrx_word' id='word_1_230' title='bbox 713 2989 870 3046; x_wconf 86' lang='lat' dir='ltr'><strong>libris</strong></span> <span class='ocrx_word' id='word_1_231' title='bbox 902 2993 968 3046; x_wconf 84' lang='lat' dir='ltr'><strong>de</strong></span> <span class='ocrx_word' id='word_1_232' title='bbox 993 2991 1340 3064; x_wconf 76' lang='lat' dir='ltr'><strong>Baptismate.</strong></span> <span class='ocrx_word' id='word_1_233' title='bbox 1376 2991 1493 3047; x_wconf 91' lang='lat' dir='ltr'><strong>Non</strong></span> <span class='ocrx_word' id='word_1_234' title='bbox 1524 2999 1711 3048; x_wconf 91' lang='lat' dir='ltr'><strong>tamen</strong></span> <span class='ocrx_word' id='word_1_235' title='bbox 1734 2990 1993 3046; x_wconf 70' lang='lat' dir='ltr'><strong>evincunt</strong></span> 
     </span>
     <span class='ocr_line' id='line_1_31' title="bbox 122 3081 1993 3162; baseline 0.002 -28"><span class='ocrx_word' id='word_1_236' title='bbox 122 3081 302 3154; x_wconf 89' lang='lat' dir='ltr'><strong>ipsum</strong></span> <span class='ocrx_word' id='word_1_237' title='bbox 339 3084 601 3156; x_wconf 81' lang='lat' dir='ltr'><strong>oppositae</strong></span> <span class='ocrx_word' id='word_1_238' title='bbox 628 3086 872 3158; x_wconf 86' lang='lat' dir='ltr'><strong>opinioni</strong></span> <span class='ocrx_word' id='word_1_239' title='bbox 904 3089 1218 3145; x_wconf 78' lang='lat' dir='ltr'><strong>adhaesisse.</strong></span> <span class='ocrx_word' id='word_1_240' title='bbox 1248 3090 1520 3162; x_wconf 87' lang='lat' dir='ltr'><strong>Ohjieitur</strong></span> <span class='ocrx_word' id='word_1_241' title='bbox 1541 3087 1818 3160; x_wconf 88' lang='lat' dir='ltr'><strong>imprimis</strong></span> <span class='ocrx_word' id='word_1_242' title='bbox 1841 3087 1993 3140; x_wconf 88' lang='lat' dir='ltr'><strong>loeus</strong></span> 
     </span>
     <span class='ocr_line' id='line_1_32' title="bbox 124 3175 1993 3254; baseline 0.004 -27"><span class='ocrx_word' id='word_1_243' title='bbox 124 3175 240 3243; x_wconf 87' lang='lat' dir='ltr'><strong>ubi,</strong></span> <span class='ocrx_word' id='word_1_244' title='bbox 286 3175 617 3248; x_wconf 66' lang='lat' dir='ltr'><strong>Cyp‘rianum</strong></span> <span class='ocrx_word' id='word_1_245' title='bbox 661 3196 931 3237; x_wconf 85' lang='lat' dir='ltr'><strong>excusans</strong></span> <span class='ocrx_word' id='word_1_246' title='bbox 971 3185 1118 3254; x_wconf 93' lang='lat' dir='ltr'><strong>quod</strong></span> <span class='ocrx_word' id='word_1_247' title='bbox 1163 3184 1551 3238; x_wconf 77' lang='lat' dir='ltr'><strong>haeretieorum</strong></span> <span class='ocrx_word' id='word_1_248' title='bbox 1590 3180 1866 3253; x_wconf 88' lang='lat' dir='ltr'><strong>baptisma</strong></span> <span class='ocrx_word' id='word_1_249' title='bbox 1894 3198 1993 3253; x_wconf 92' lang='lat' dir='ltr'><strong>pro</strong></span> 
     </span>
     <span class='ocr_line' id='line_1_33' title="bbox 125 3271 1996 3348; baseline 0.004 -23"><span class='ocrx_word' id='word_1_250' title='bbox 125 3271 303 3326; x_wconf 70' lang='lat' dir='ltr'><strong>valido</strong></span> <span class='ocrx_word' id='word_1_251' title='bbox 338 3291 444 3327; x_wconf 90' lang='lat' dir='ltr'><strong>non</strong></span> <span class='ocrx_word' id='word_1_252' title='bbox 483 3273 756 3343; x_wconf 88' lang='lat' dir='ltr'><strong>habuerit,</strong></span> <span class='ocrx_word' id='word_1_253' title='bbox 785 3275 863 3331; x_wconf 91' lang='lat' dir='ltr'><strong>sic</strong></span> <span class='ocrx_word' id='word_1_254' title='bbox 888 3278 1139 3348; x_wconf 88' lang='lat' dir='ltr'><strong>loquitur</strong></span> <span class='ocrx_word' id='word_1_255' title='bbox 1164 3285 1391 3333; x_wconf 89' lang='lat' dir='ltr'><strong>sanctus</strong></span> <span class='ocrx_word' id='word_1_256' title='bbox 1430 3277 1811 3348; x_wconf 88' lang='lat' dir='ltr'><strong>Augustinus:</strong></span> <span class='ocrx_word' id='word_1_257' title='bbox 1839 3278 1996 3332; x_wconf 75' lang='lat' dir='ltr'><strong>«Nec,</strong></span> 
     </span>
     <span class='ocr_line' id='line_1_34' title="bbox 128 3369 1992 3442; baseline 0.007 -24"><span class='ocrx_word' id='word_1_258' title='bbox 128 3391 152 3419; x_wconf 95' lang='lat'>«</span> <span class='ocrx_word' id='word_1_259' title='bbox 185 3387 283 3422; x_wconf 85' lang='lat' dir='ltr'><strong>nos</strong></span> <span class='ocrx_word' id='word_1_260' title='bbox 311 3369 413 3442; x_wconf 89' lang='lat' dir='ltr'><strong>ipsi</strong></span> <span class='ocrx_word' id='word_1_261' title='bbox 445 3370 551 3424; x_wconf 82' lang='lat' dir='ltr'><strong>tale</strong></span> <span class='ocrx_word' id='word_1_262' title='bbox 579 3370 787 3442; x_wconf 88' lang='lat' dir='ltr'><strong>aliquid</strong></span> <span class='ocrx_word' id='word_1_263' title='bbox 825 3373 1157 3428; x_wconf 86' lang='lat' dir='ltr'><strong>auderemus</strong></span> <span class='ocrx_word' id='word_1_264' title='bbox 1184 3391 1449 3441; x_wconf 88' lang='lat' dir='ltr'><strong>asserere,</strong></span> <span class='ocrx_word' id='word_1_265' title='bbox 1469 3373 1576 3428; x_wconf 89' lang='lat' dir='ltr'><strong>nisi</strong></span> <span class='ocrx_word' id='word_1_266' title='bbox 1605 3374 1876 3431; x_wconf 81' lang='lat' dir='ltr'><strong>universae</strong></span> <span class='ocrx_word' id='word_1_267' title='bbox 1898 3374 1992 3431; x_wconf 84' lang='lat' dir='ltr'><strong>Ec-</strong></span> 
     </span>
     <span class='ocr_line' id='line_1_35' title="bbox 129 3464 1995 3546; baseline 0.005 -31"><span class='ocrx_word' id='word_1_268' title='bbox 129 3484 155 3515; x_wconf 84' lang='lat'>«</span> <span class='ocrx_word' id='word_1_269' title='bbox 182 3464 361 3519; x_wconf 79' lang='lat' dir='ltr'><strong>clesiae</strong></span> <span class='ocrx_word' id='word_1_270' title='bbox 392 3466 822 3521; x_wconf 88' lang='lat' dir='ltr'><strong>concordissima</strong></span> <span class='ocrx_word' id='word_1_271' title='bbox 864 3468 1193 3523; x_wconf 87' lang='lat' dir='ltr'><strong>auctoritate</strong></span> <span class='ocrx_word' id='word_1_272' title='bbox 1230 3469 1461 3534; x_wconf 80' lang='lat' dir='ltr'><strong>tirmati;</strong></span> <span class='ocrx_word' id='word_1_273' title='bbox 1496 3469 1584 3525; x_wconf 92' lang='lat' dir='ltr'><strong>cui</strong></span> <span class='ocrx_word' id='word_1_274' title='bbox 1621 3477 1673 3526; x_wconf 91' lang='lat' dir='ltr'><strong>et</strong></span> <span class='ocrx_word' id='word_1_275' title='bbox 1706 3471 1823 3546; x_wconf 91' lang='lat' dir='ltr'><strong>ipse</strong></span> <span class='ocrx_word' id='word_1_276' title='bbox 1875 3470 1995 3526; x_wconf 89' lang='lat' dir='ltr'><strong>sine</strong></span> 
     </span>
     <span class='ocr_line' id='line_1_36' title="bbox 130 3560 1993 3641; baseline 0.006 -31"><span class='ocrx_word' id='word_1_277' title='bbox 130 3580 157 3610; x_wconf 94' lang='lat'>«</span> <span class='ocrx_word' id='word_1_278' title='bbox 187 3560 354 3618; x_wconf 90' lang='lat' dir='ltr'><strong>dubio</strong></span> <span class='ocrx_word' id='word_1_279' title='bbox 391 3563 628 3634; x_wconf 87' lang='lat' dir='ltr'><strong>cederet,</strong></span> <span class='ocrx_word' id='word_1_280' title='bbox 673 3563 719 3618; x_wconf 92' lang='lat' dir='ltr'><strong>si</strong></span> <span class='ocrx_word' id='word_1_281' title='bbox 747 3563 865 3637; x_wconf 92' lang='lat' dir='ltr'><strong>jam</strong></span> <span class='ocrx_word' id='word_1_282' title='bbox 897 3563 993 3619; x_wconf 92' lang='lat' dir='ltr'><strong>illo</strong></span> <span class='ocrx_word' id='word_1_283' title='bbox 1026 3572 1271 3639; x_wconf 89' lang='lat' dir='ltr'><strong>tempore</strong></span> <span class='ocrx_word' id='word_1_284' title='bbox 1304 3566 1627 3640; x_wconf 81' lang='lat' dir='ltr'><strong>quaestionis</strong></span> <span class='ocrx_word' id='word_1_285' title='bbox 1665 3568 1832 3641; x_wconf 76' lang='lat' dir='ltr'><strong>liujus</strong></span> <span class='ocrx_word' id='word_1_286' title='bbox 1856 3567 1993 3624; x_wconf 73' lang='lat' dir='ltr'><strong>veri-</strong></span> 
     </span>
    </p>

    <p class='ocr_par' dir='ltr' id='par_1_6' title="bbox 361 3671 1724 3716">
     <span class='ocr_line' id='line_1_37' title="bbox 361 3671 1724 3716; baseline -0.012 17"><span class='ocrx_word' id='word_1_287' title='bbox 361 3678 394 3710; x_wconf 93' lang='lat'><strong>¹·</strong></span> <span class='ocrx_word' id='word_1_288' title='bbox 1668 3671 1724 3716; x_wconf 66' lang='lat'><strong>‘22</strong></span> 
     </span>
    </p>
   </div>
  </div>
 </body>
</html>
