2372 4108
320 294 377 342 70
994 284 1286 332 TRACTATUS
1317 285 1384 331 DE
1414 285 1560 331 PAPA.

319 400 595 476 templum
618 397 782 454 fidele
807 413 873 451 ac
896 393 1097 452 stabile
1119 393 1339 470 posuit3
1373 411 1503 467 ergo
1525 398 1657 451 ante
1671 393 1906 452 Neronis
1923 395 2230 471 imperium

318 496 514 553 Petrus
548 494 842 566 nunquam
874 493 1066 549 Romae
1090 510 1338 568 praesens
1359 492 1487 548 fuit.
1517 512 1544 545 »
1575 491 1632 548 Si
1655 490 1908 565 legitima
1940 492 2083 550 foret
2115 495 2233 550 haec

316 593 515 660 illatio,
570 591 780 648 valeret
835 596 888 648 et
938 590 1046 648 ista
1084 611 1094 643 :
1145 613 1173 644 «
1218 591 1504 664 Regnante
1555 589 1707 665 apud
1753 589 1974 647 Judaeos
2017 591 2233 648 Herode

313 689 579 764 Agrippa,
608 690 805 748 Petrus
831 691 934 748 ivit
959 692 1394 766 lerosolymam,
1429 691 1625 764 ibique
1659 690 1926 747 detrusus
1952 690 2010 745 in
2043 707 2231 747 carce-

315 806 459 860 rem,
487 790 557 846 ab
590 790 797 864 Angelo
820 792 1094 849 liberatus
1118 792 1252 860 fuit;
1280 810 1411 866 ergo
1438 796 1567 847 ante
1589 791 2103 866 Agrippae'regnum
2135 791 2231 847 Pe-

312 892 436 943 trus
459 906 756 963 nunquam
779 891 806 946 J
813 890 1145 965 erosolymis
1167 887 1440 946 constiflt.
1471 912 1496 943 ι)
1525 889 1702 963 Igitur
1723 889 1783 944 in
1810 888 2047 960 allegato
2076 894 2230 945 textu

315 994 656 1044 asseruntur
693 989 805 1045 duo
846 991 963 1045 haec
1002 1011 1012 1044 ε
1053 990 1107 1046 1⁰
1130 988 1424 1064 Apostolos
1471 990 1540 1046 25
1582 1004 1863 1044 annorum
1909 986 2093 1060 spatio
2131 1004 2234 1061 per

314 1085 632 1158 provincias
666 1094 719 1144 et
743 1089 997 1145 civitates
1020 1089 1398 1145 Ecclesiarum
1426 1088 1794 1144 fundamenta
1812 1085 2038 1160 jecisse.
2065 1086 2121 1142 2⁰
2143 1086 2233 1142 Pe-

310 1190 465 1240 trum
513 1186 749 1243 Romam
796 1189 1016 1245 venisse
1067 1207 1197 1244 cum
1252 1188 1373 1262 jam
1424 1188 1564 1244 Nero
1614 1187 1900 1262 imperare
1944 1184 2227 1261 coepisset.

308 1280 479 1358 Porro
503 1284 559 1339 1⁰
583 1284 739 1348 Quod
758 1286 1008 1361 Apostoli
1034 1304 1133 1362 per
1159 1288 1232 1342 25
1256 1303 1433 1342 annos
1460 1285 1542 1341 sic
1564 1285 1841 1341 Ecclesias
1869 1283 2229 1340 fundaverint

310 1397 416 1452 per
438 1384 675 1438 civitates
705 1389 760 1439 et
784 1384 1126 1458 provincias,
1153 1403 1266 1440 non
1294 1380 1562 1452 excludit,
1587 1383 1683 1439 sed
1708 1382 1898 1457 potius
1928 1380 2118 1436 innuit
2141 1381 2227 1435 in-

305 1481 392 1533 tra
433 1480 538 1535 hoc
578 1482 649 1536 25
690 1501 971 1538 annorum
1012 1483 1261 1557 spatium
1300 1483 1595 1537 fundatam
1620 1481 1790 1537 etiam
1826 1480 2014 1536 Romae
2051 1478 2230 1535 fuisse

304 1574 642 1644 Ecclesiam;
693 1584 747 1635 et
787 1579 998 1654 pariter
1038 1599 1148 1634 non
1189 1579 1437 1635 excludit
1479 1577 1783 1634 adventum
1814 1577 1961 1632 Petri
1992 1577 2226 1632 Romam

313 1675 419 1730 suh
451 1675 680 1733 initium
727 1678 958 1733 illorum
1000 1680 1070 1734 25
1108 1698 1410 1747 annorum,
1441 1685 1494 1733 et
1533 1677 1831 1732 fundatam
1875 1677 1953 1732 ibi
1997 1676 2064 1731 ab
2105 1676 2227 1750 ipso

305 1772 631 1831 Ecclesiam.
668 1777 784 1840 Qua
814 1777 1144 1833 fundatione
1171 1777 1343 1832 semel
1376 1776 1539 1844 inita,
1566 1776 1708 1830 bene
1749 1775 1856 1830 dici
1890 1775 2093 1849 potuit,
2123 1777 2227 1830 sub

304 1869 522 1927 Nerone
554 1874 803 1947 positum
830 1875 900 1930 ab
930 1868 1053 1949 ipso
1085 1879 1330 1949 templum
1355 1875 1510 1947 fidele
1542 1893 1605 1930 ac
1628 1875 1842 1943 stabile,
1870 1874 2004 1946 quia
2023 1892 2227 1949 nempe

308 1968 556 2026 Ecclesia
580 1972 854 2043 Romana,
887 1974 991 2030 etsi
1034 1980 1197 2030 antea
1225 1979 1407 2047 coepta
1448 1979 1501 2028 et
1543 1973 1800 2040 fundata,
1827 1979 1963 2028 tunc
1995 1974 2224 2028 omnino

305 2067 469 2127 firma
490 2076 542 2128 et
581 2073 802 2129 stabilis
825 2080 1095 2130 evaserat.
1136 2074 1191 2128 2⁰
1211 2073 1366 2137 Quod
1402 2079 1591 2129 autem
1631 2072 1903 2128 adventus
1929 2073 2094 2141 Petri,
2121 2073 2224 2130 Ne-

307 2171 465 2226 ronis
516 2178 791 2247 tempore,
831 2192 941 2229 non
983 2174 1242 2230 excludat
1291 2173 1632 2229 anteriorem
1678 2172 1932 2246 ejusdem
1974 2173 2223 2247 Apostoli

307 2268 632 2342 adventum,
667 2289 767 2345 per
797 2290 856 2328 se
883 2278 1056 2346 patet.
1089 2273 1324 2328 Prorsus
1362 2272 1536 2344 igitur
1565 2271 1898 2326 hallucinati
1939 2278 2092 2341 sunt,
2125 2272 2221 2344 qui

305 2367 375 2423 ob
408 2368 582 2424 istum
608 2375 824 2426 textum
856 2372 1237 2446 respuendam
1265 2371 1546 2429 duxerunt
1579 2373 1808 2427 Patrum
1832 2370 2218 2440 traditionem,

304 2467 538 2524 omnino
566 2476 777 2525 certam
806 2476 856 2526 et
882 2471 1278 2528 universaliter
1300 2478 1605 2546 receptam.

378 2564 441 2620 II.
487 2566 707 2622 Minime
734 2576 941 2624 constat
967 2571 1254 2643 alleqatum
1288 2578 1486 2626 temtum
1513 2589 1629 2625 esse
1658 2569 1942 2625 Lactantii.
1964 2602 2039 2610 -
2073 2567 2222 2642 Opus

303 2664 452 2719 enim
482 2683 545 2720 ex
565 2684 676 2739 quo
704 2667 1076 2743 depromitur,
1093 2670 1347 2742 ignotum
1364 2675 1714 2725 remanserat
1738 2667 1914 2724 donec
1945 2685 1974 2722 a
1996 2665 2219 2722 Baluzio

305 2769 590 2834 repertum
616 2765 722 2821 fuit
750 2772 803 2822 et
826 2767 883 2822 in
908 2767 1092 2824 lucem
1126 2769 1366 2839 editum,
1389 2787 1520 2824 cum
1554 2770 1660 2823 hoc
1683 2766 1850 2823 titulo
1875 2766 1941 2821 de
1966 2765 2221 2821 Mortibus

297 2870 716 2931 persecutorum.
744 2867 1042 2922 Auctorem
1083 2886 1205 2923 esse
1228 2867 1602 2936 metantium,
1640 2866 1840 2922 asserit
1870 2864 2098 2938 quidem
2125 2862 2222 2917 Ba-

303 2958 508 3029 luzius,
539 2960 634 3015 sed
671 2979 737 3017 ex
771 2962 868 3018 illa
913 2965 1031 3020 sola
1070 2966 1287 3021 ratione
1334 2966 1485 3038 quod
1523 2966 1672 3020 inter
1708 2971 1906 3020 caetera
1948 2960 2219 3018 Lactantii

304 3076 474 3131 opera
519 3068 792 3116 memoret
839 3069 1068 3118 sanctus
1116 3062 1490 3137 Hieronymus
1534 3062 1617 3134 (de
1661 3061 2017 3135 Scriptoribus
2048 3059 2218 3126 Eccl.‚

303 3175 428 3232 cap.
446 3177 580 3212 Lxxx
604 3159 690 3214 vel
720 3159 804 3232 cx)
834 3160 1048 3217 librum
1078 3163 1143 3218 de
1160 3156 1930 3235 Persecutioue.Deperditum
1957 3157 2133 3213 istum
2158 3157 2221 3211 de

302 3255 678 3324 Persecutioue
698 3257 911 3314 librum
937 3258 1498 3315 contenditBaluzius
1517 3276 1638 3315 esse
1659 3258 1822 3313 illum
1843 3257 2030 3331 ipsum
2050 3273 2217 3335 quem

304 3354 515 3410 invenit
541 3362 592 3412 et
614 3356 807 3429 edidit,
842 3359 1055 3432 quique
1084 3360 1148 3415 (Ie
1174 3359 1424 3414 Mortibus
1437 3365 1833 3433 persecutorum
1863 3354 2214 3411 inscribitur.

267 3467 273 3474 ·
301 3451 405 3507 Sed
440 3454 583 3510 ratio
608 3456 726 3512 haec
755 3475 1115 3531 nequaquam
1153 3458 1374 3532 prohat.
1399 3457 1565 3513 Aliud
1588 3457 1739 3514 enim
1766 3461 1847 3512 est
1881 3455 1946 3509 de
1970 3468 2217 3526 persecu-

306 3551 463 3618 tione,
497 3558 549 3608 et
586 3553 740 3610 aliud
779 3557 844 3612 de
871 3557 1127 3613 mortibus
1159 3563 1555 3630 persecutorum
1591 3555 1885 3611 disserere.
1913 3550 2058 3605 Num
2087 3567 2215 3605 vero

308 3644 525 3708 ,dictum
569 3671 709 3725 opus
747 3674 862 3729 prae
890 3675 951 3712 se
985 3657 1126 3712 ferat.
1159 3655 1368 3730 stylum
1402 3653 1670 3711 [actantii
1700 3651 1794 3724 (de
1824 3668 1936 3722 quo
1959 3648 2219 3723 Hierony·

305 3761 453 3816 mUS‚
473 3747 704 3819 epistola
731 3753 804 3809 15
834 3753 903 3808 ad
925 3753 1224 3807 Paulinum
1252 3776 1263 3806 :
1299 3754 1605 3808 Lactantius
1633 3750 1782 3822 quasi
1805 3748 2014 3820 quidam
2033 3749 2216 3821 fluvius
