2320 4010
634 221 666 235 -
830 144 958 228 mas
988 180 1226 228 sacuam.
1687 178 1691 185 ·
1886 177 1976 226 m

90 287 227 346 Nam
265 287 535 361 gallicana
579 285 678 342 illa
718 284 1002 342 distinctio
1036 284 1094 339 in
1135 301 1199 340 eo
1243 287 1348 351 est,
1385 281 1535 355 quod
1567 281 1976 340 admittatur-in

90 387 215 443 sede
249 386 435 458 aliqua
459 390 707 460 potestas
730 384 889 458 jusve
913 381 1158 455 aliquod,
1187 399 1298 454 quo
1320 386 1504 436 careat
1536 380 1817 437 Romanus
1837 380 1979 436 Pon-

90 485 246 552 tifex,
282 482 666 540 consideratus
695 486 972 554 quatenus
1005 496 1245 554 persona
1275 477 1523 552 publica,
1561 496 1658 535 seu
1699 483 1978 552 quatenus

92 596 157 634 ex
195 577 474 652 pontificia
516 594 617 632 sua
657 579 926 650 potestate
963 591 1152 646 agenS.
1184 574 1351 628 Porro
1378 572 1652 628 Baronius
1681 573 1791 646 egit
1817 573 1979 629 dum·

91 682 242 731 taxat
278 675 346 731 de
371 676 577 747 privato
605 670 903 728 Marcellini
930 675 1175 745 peccato,
1218 687 1330 725 non
1356 675 1544 725 autem
1575 670 1643 725 de
1668 671 1888 727 actibus
1910 687 1979 727 ex

88 767 370 825 Pontificia
413 767 739 824 auctoritate
787 765 1032 822 elicitis„
1058 764 1236 837 Igitur
1282 781 1345 818 ex
1391 781 1456 819 eo
1499 764 1647 835 quod
1677 766 1975 836 notaverit,

88 863 254 920 fidem
297 881 408 920 non
440 880 557 919 esse
597 860 1014 934 dijudicandam
1056 877 1122 915 ex
1151 858 1367 933 privato
1400 859 1496 914 illo
1517 858 1824 914 Marcellini
1851 877 1979 932 pcc-

0 986 1 1000 *
87 968 230 1030 cat0,
268 977 619 1033 nequaquam
653 957 909 1030 sequitur
937 955 1352 1030 eum-noluisse
1375 944 1543 1010 fidem
1585 955 1882 1029 dijudicari
1913 973 1979 1012 ex

88 1056 324 1112 decretis
352 1074 381 1111 a
410 1054 668 1110 Pontificc
694 1060 984 1126 tamquam
1010 1069 1248 1127 persona
1275 1051 1497 1125 publica
1530 1052 1715 1107 editis,
1746 1053 1978 1108 Contra-

86 1152 229 1206 riam
269 1152 579 1207 doctrinam
609 1149 742 1206 totis
784 1150 903 1205 suis
940 1148 1324 1204 voluminibus
1351 1148 1643 1221 profitetur
1674 1149 1973 1215 Baronius;

87 1266 266 1321 neque
300 1249 356 1303 id
381 1248 665 1303 Baluzium
690 1248 956 1320 fugiebat.

167 1345 220 1399 6⁰
259 1345 526 1398 Balztzimn
549 1345 747 1415 pudere
786 1344 1041 1397 debuisset
1076 1343 1412 1397 distinctionis
1451 1359 1560 1395 811ae
1580 1349 1860 1413 patronum
1884 1343 1975 1397 ”m-

90 1458 275 1495 vocare
303 1442 603 1494 haereticum
632 1439 927 1510 Duserrier.
947 1437 1156 1491 —Jam
1187 1436 1430 1492 vidimus
1451 1437 1659 1492 frustra
1688 1436 1974 1493 Baluzium

87 1554 187 1610 per
226 1544 393 1592 totam
431 1542 580 1590 retro
626 1534 1014 1604 antiquitatem
1051 1533 1268 1606 aliquos
1298 1533 1620 1605 quaesivisse
1658 1534 1820 1590 dictae
1865 1535 1977 1590 dis·

88 1632 374 1687 tinctionis
408 1636 691 1704 patronos,
719 1630 908 1684 Nullos
938 1629 1166 1684 omnino
1204 1628 1478 1702 expiscari
1511 1630 1694 1703 potuit
1721 1631 1851 1686 ante'
1883 1630 1978 1686 de·

87 1729 296 1782 cimum
336 1732 552 1780 sextum
589 1725 875 1779 saeculum.
917 1725 1012 1778 Ast
1053 1724 1129 1778 ibi
1163 1723 1389 1778 tandem
1425 1742 1602 1778 unum
1628 1727 1858 1798 reperit,
1890 1727 1971 1781 vi-

85 1823 280 1878 delicet
318 1821 588 1876 celebrem
626 1820 928 1888 Duferrier,
969 1836 1134 1891 quem
1182 1819 1427 1892 legatum
1471 1820 1539 1874 ad
1589 1821 1971 1876 Tridentinam

79 1916 350 1990 synodum
393 1933 488 1970 rex
523 1914 708 1969 Galliae
747 1915 998 1970 miserat.
1040 1915 1214 1978 Quam
1252 1914 1549 1970 infeliciter
1579 1915 1648 1970 ad
1674 1915 1777 1970 viri
1805 1916 1972 1989 hujus

0 2049 1 2055 κ
79 2011 462 2066 auctoritatem
495 2009 889 2082 provocaverit,
931 2010 1006 2064 ita
1050 2009 1275 2084 exponit
1301 2011 1555 2066 eruditus
1590 2011 1849 2067 dominus
1874 2012 1970 2068 Po·

0 2162 3 2166 ,
77 2109 181 2175 tee,
207 2105 260 2160 in
284 2105 519 2177 quadam
546 2105 936 2160 dissertatione
960 2123 1060 2161 sua
1087 2107 1339 2161 nondum
1369 2106 1515 2181 typis
1542 2107 1692 2162 edita
1726 2129 1736 2160 ε

147 2222 183 2254 ·«
206 2201 528 2264 Qu'etait-ce
559 2201 700 2256 donc
725 2220 832 2274 que
853 2202 1168 2259 Duferrier‘?
1207 2204 1286 2258 Un
1318 2204 1723 2260 ambassadeur
1763 2206 1839 2261 du
1883 2209 1966 2263 roi

84 2297 148 2352 de
181 2298 402 2367 France,
434 2316 513 2351 un
544 2299 676 2353 haut
708 2298 1111 2354 fonctionnaire
1157 2300 1286 2353 civil
1330 2318 1459 2355 sans
1506 2300 1703 2366 doute3
1754 2301 1895 2357 mais
1927 2303 1965 2358 il

85 2394 270 2450 n'etait
292 2414 387 2470 pas
411 2385 648 2468 Eveque.
683 2395 874 2451 C'etait
900 2415 975 2451 un
1005 2396 1290 2469 president
1317 2416 1423 2452 aux
1448 2403 1717 2470 enquetes
1743 2399 1819 2453 du
1842 2417 1966 2470 par-

83 2490 280 2548 lement
310 2493 375 2548 de
410 2493 588 2558 Paris;
622 2512 723 2566 par
754 2496 1096 2566 consequent
1123 2511 1200 2548 un
1240 2511 1583 2566 personnage
1618 2502 1840 2568 suspect
1864 2515 1964 2568 par

79 2584 156 2640 les
176 2587 425 2661 opinions
451 2589 651 2643 emises
671 2589 767 2643 des
788 2589 903 2644 lors
930 2588 1070 2643 dans
1089 2594 1229 2644 cette
1253 2589 1736 2661 grand'chambre.
1761 2590 1804 2644 Il
1830 2591 1964 2646 etait

77 2697 144 2738 en
186 2691 346 2740 outre
381 2686 761 2742 d’orthodoxie
808 2687 916 2742 fort
958 2687 1248 2742 douteuse.
1287 2687 1383 2743 Ses
1424 2687 1656 2743 liaisons
1695 2707 1824 2744 avec
1859 2691 1961 2745 Fra

74 2775 253 2846 paolo,
277 2798 334 2834 sa
355 2781 668 2852 profession
689 2783 956 2855 publique
975 2782 1049 2838 du
1070 2782 1389 2838 calvinisme
1405 2783 1544 2840 dan's
1570 2802 1657 2840 ses
1676 2785 1961 2840 dernieres

75 2877 300 2943 anneeS,
315 2877 465 2932 n'ont
483 2895 591 2949 que
608 2884 731 2951 trop
737 2879 1036 2951 justifieles
1048 2897 1322 2952 soupcons
1339 2880 1505 2951 qu'on
1520 2880 1880 2948 avaitconcus
1893 2880 1960 2935 de

78 2981 138 3017 sa
162 2965 256 3019 foi.
279 2967 340 3020 Et
363 2970 410 3022 si
427 2971 571 3026 alors
590 2990 678 3027 ses
705 2975 1010 3045 premieres
1037 2975 1267 3044 allureS‚
1296 2992 1382 3030 ses
1407 2961 1684 3047 premiers
1707 2975 1958 3029 discours

79 3060 292 3116 avaient
324 3082 398 3134 pu
424 3065 664 3137 inspirer
689 3071 929 3141 quelque
947 3073 1228 3126 confiance
1253 3074 1282 3126 a
1301 3071 1607 3143 plusieurS,
1635 3077 1758 3124 tous
1788 3087 1857 3123 ne
1878 3070 1957 3142 s'y

78 3157 278 3212 etaient
304 3176 399 3231 pas
423 3160 585 3215 laisse
610 3165 927 3233 prendre.·A
947 3168 999 3222 la
1027 3167 1125 3234 fin,
1152 3168 1190 3221 il
1216 3185 1273 3221 se
1299 3166 1601 3236 demasqua
1631 3164 1677 3218 si
1701 3164 1828 3218 bien
1847 3165 1955 3218 lui-

79 3257 281 3319 meme,
306 3259 521 3309 surtout
540 3255 675 3310 dans
698 3256 749 3310 le
767 3258 986 3314 fameux
1011 3261 1262 3315 discours
1284 3260 1413 3313 dont
1439 3260 1520 3313 les
1544 3259 1761 3330 paroles
1790 3259 1956 3315 citees

78 3368 177 3423 par
205 3350 396 3405 Baluzc
422 3357 545 3406 sont
575 3351 832 3407 extraites
864 3354 932 3424 (si
958 3354 1092 3408 elles
1122 3372 1190 3409 ne
1216 3359 1339 3408 sont
1367 3370 1466 3425 pas
1490 3353 1748 3408 extraites
1776 3355 1954 3427 plutot

78 3444 146 3499 de
171 3462 230 3500 sa
256 3449 620 3518 protestation,
654 3447 749 3520 qui
777 3464 845 3502 ne
879 3448 959 3501 fut
986 3467 1083 3520 pas
1110 3453 1288 3504 meme
1322 3449 1413 3503 lue
1443 3448 1581 3503 dans
1611 3450 1661 3504 le
1694 3452 1951 3524 concile),

80 3559 187 3613 que
210 3543 292 3599 les
320 3545 514 3601 doutes
551 3563 648 3601 sur
675 3546 725 3600 la
751 3548 942 3618 purete
970 3546 1036 3601 de
1059 3564 1117 3601 sa
1154 3564 1418 3621 croyance
1443 3564 1501 3603 se
1535 3547 1858 3606 fortitierent
1880 3550 1951 3606 de
