2320 4010
812 181 935 227 rias
965 180 1201 226 sacuam.
1626 155 1641 168 “
1855 177 1939 223 481

0 332 23 349 .
78 296 227 352 lacra
267 292 482 366 depicta
513 297 565 346 et
595 288 752 362 quasi
805 288 1014 344 frustra
1055 309 1082 338 υ
1124 286 1212 359 (de
1237 285 1404 342 Medis
1439 285 1676 354 uniendi,
1707 290 1860 340 tomo
1900 281 1946 336 11

75 391 314 466 Operum
346 390 415 445 ab
441 388 604 444 Ellies
643 386 819 460 Dupin
851 385 1153 453 editorum,
1185 382 1383 458 pagina
1419 382 1528 439 175
1571 387 1625 438 et
1651 381 1781 454 174,
1837 381 1944 435 An-

80 487 329 559 tuerpiae,
374 483 563 556 1706).
1516 486 1523 492 '

152 582 264 637 Sibi
293 588 477 636 tamen
512 575 833 634 contradicit
863 575 1158 632 Gersonius
1186 574 1367 647 quoad
1403 575 1545 629 hanc
1572 571 1945 646 aequalitatem

80 679 467 752 Episcoporum
489 692 614 730 cum
636 674 795 747 Papa.
825 672 913 726 Sic
937 672 1084 727 enim
1110 672 1275 726 habet
1303 669 1410 725 alio
1437 670 1556 725 loco
1584 690 1595 722 ε
1627 691 1654 721 «
1680 668 1948 725 Auferibi-

77 775 146 829 lis
171 780 254 829 est
293 780 387 828 aut
432 769 787 825 mutabiliS...
833 768 1093 839 quaelibet
1120 766 1310 839 politia
1363 766 1543 825 civilis
1583 765 1939 821 monarchica

78 886 175 924 seu
200 866 422 939 regaliS,
459 871 521 920 ut
547 865 640 919 liat
679 862 1055 917 aristocratica
1081 884 1091 926 ;
1123 866 1178 916 et
1212 878 1328 916 non
1360 860 1440 915 sic
1470 860 1537 915 de
1566 859 1807 915 Ecclesia
1827 877 1947 931 quae

78 965 134 1019 in
178 982 288 1018 uno
332 962 624 1017 monarcha
677 976 937 1031 supremo
989 974 1088 1030 per
1142 956 1470 1010 universum
1512 955 1744 1009 fundata
1794 960 1877 1009 est
1916 972 1946 1008 a

75 1059 359 1115 Christo...
393 1056 607 1110 Nullam
650 1053 814 1108 aliam
846 1045 1094 1126 politiam
1123 1051 1368 1107 instituit
1395 1050 1649 1105 Christus
1683 1050 1946 1103 immuta-

75 1154 261 1209 biliter
282 1150 692 1207 monarchicam
713 1156 764 1204 et
790 1148 1198 1220 quodammodo
1217 1148 1454 1219 regalem
1483 1146 1593 1201 nisi
1618 1145 1941 1201 Ecclesiam.

76 1250 139 1304 Et
163 1248 474 1321 oppositum
506 1246 802 1302 sentientes
825 1245 890 1299 de
920 1244 1182 1310 Ecclesia,
1212 1243 1359 1314 quod
1389 1242 1600 1297 scilicet
1623 1242 1704 1295 sas
1723 1247 1946 1295 estesse

78 1343 263 1417 plures
290 1345 479 1417 l'apaS,
507 1349 600 1397 aut
631 1343 775 1413 quod
807 1341 1039 1412 quilibet
1073 1341 1375 1413 Episcopus
1405 1345 1487 1394 est
1515 1339 1570 1392 in
1597 1357 1697 1393 sua
1721 1336 1943 1392 dioecesi

77 1441 238 1513 Papa,
270 1440 347 1494 vel
376 1446 558 1512 pastor
587 1456 878 1510 supremus
921 1437 1148 1508 aequalis
1178 1438 1332 1509 Papae
1366 1437 1635 1506 Romano,
1667 1441 1851 1489 errant
1891 1433 1947 1487 in

80 1535 186 1590 lide
238 1544 290 1592 et
332 1536 540 1591 unitate
593 1534 845 1589 Ecclesiae
891 1540 1082 1588 contra
1131 1533 1432 1589 articulum
1470 1533 1650 1600 illum,
1703 1540 1749 1585 et
1791 1547 1948 1584 unam

77 1640 328 1686 sanctam.
363 1633 440 1699 Et,
492 1632 535 1686 si
571 1631 878 1704 pertinaces
931 1635 1209 1697 maneant,
1253 1628 1539 1702 judicandi
1589 1634 1719 1683 sunt
1773 1628 1946 1681 haere·

77 1727 193 1796 tici,
231 1729 374 1783 sicut
405 1727 678 1782 ,llarsilius
711 1727 778 1781 de
817 1727 994 1780 Padua
1030 1732 1082 1780 et
1125 1725 1351 1796 quidam
1394 1724 1487 1778 alii
1517 1746 1543 1775 »
1585 1729 1846 1787 (tractatu
1882 1723 1946 1776 de

68 1822 446 1894 Auseribile'late
471 1823 650 1893 Papae,
681 1819 1116 1875 consideratione
1134 1820 1189 1888 8,
1211 1819 1446 1892 Operum
1473 1820 1541 1873 ab
1569 1819 1736 1873 Ellies
1761 1817 1943 1890 Dupin

70 1917 340 1973 editorum
371 1926 519 1972 tomo
550 1918 612 1984 ll,
646 1935 748 1990 pag
798 1917 929 1983 2115,
961 1915 1295 1988 Antuerpiae‚
1323 1915 1513 1985 1706).

142 2014 259 2087 lpse
302 2021 482 2068 tamen
527 2013 819 2067 Gersonius
871 2010 1266 2083 Episcoporum
1305 2028 1433 2065 cum
1480 2010 1619 2083 Papa
1665 2009 1943 2080 aequalita-

68 2118 176 2166 tem
205 2111 284 2165 sic
326 2110 526 2165 iterum
553 2109 780 2164 asserit:

146 2232 170 2258 «
206 2209 526 2279 Respomleo.
560 2240 635 2246 —
667 2205 820 2268 Quod
846 2205 987 2276 Papa
1042 2221 1151 2257 non
1193 2203 1368 2276 possit
1401 2203 1564 2275 plura
1615 2203 1670 2256 in
1701 2204 1941 2258 Ecclesia

71 2303 326 2357 ordinare
346 2309 398 2355 et
425 2308 690 2367 statuere,
719 2317 880 2370 quam
917 2300 984 2352 ab
1012 2299 1130 2370 ipso
1169 2299 1382 2371 Christo
1408 2298 1613 2371 prime,
1641 2304 1693 2352 et
1719 2306 1843 2372 post
1874 2301 1941 2354 ab

75 2397 191 2471 ipsa
235 2397 528 2452 universali
561 2394 797 2449 Ecclesia
848 2401 930 2448 est
972 2401 1024 2447 et
1065 2395 1231 2449 suerit
1277 2394 1379 2465 ipsi
1431 2412 1779 2449 concessum.
1822 2396 1937 2449 Non

73 2494 220 2549 enim
252 2493 488 2564 legimus
525 2491 807 2545 Christum
835 2490 915 2543 illi
949 2489 1251 2543 contulisse
1291 2495 1615 2562 potestatem
1655 2491 1939 2558 beneficia,

69 2589 387 2661 dignitateS,
432 2588 800 2661 episcopatus,
835 2586 1012 2652 villas,
1052 2592 1227 2640 terras
1260 2586 1614 2658 dispensandi
1643 2594 1737 2641 aut
1762 2588 1943 2643 distri-

0 2700 1 2719 *
69 2683 291 2737 huendi.
323 2683 424 2737 Sed
459 2702 557 2738 nec
588 2701 832 2754 unquam
867 2682 1123 2752 legimus,
1171 2682 1386 2735 Petrum
1420 2683 1533 2736 liaee
1577 2683 1805 2749 secisse;
1847 2685 1939 2739 sed

68 2781 251 2834 solum
280 2781 418 2834 lianc
445 2786 765 2852 potestatem
804 2779 853 2833 ei
895 2779 1088 2834 tribuit
1116 2779 1407 2852 specialem
1438 2779 1722 2853 (scriptam
1747 2781 1938 2838 Matth.

73 2875 163 2942 16,
202 2876 289 2937 19,
327 2895 491 2947 quam
522 2879 686 2931 etiam
723 2878 928 2930 minimo
958 2878 1135 2930 numdi
1169 2876 1415 2948 Episcopo
1468 2878 1761 2946 concessit,
1799 2879 1943 2934 scili-

72 2975 158 3024 eet
185 2969 544 3040 Quodcumque
569 2975 806 3042 liyaveris
845 2991 1001 3045 super
1034 2983 1226 3027 terram
1258 2975 1355 3027 erit
1377 2974 1594 3043 lisjatum
1622 2982 1671 3027 et
1704 2977 1757 3027 in
1780 2975 1938 3040 coelis,

75 3064 280 3118 scilicet
299 3083 393 3136 per
414 3067 812 3138 poenitentiam3
832 3076 884 3124 et
907 3087 1232 3141 quaecumque
1259 3070 1499 3135 solveriS,
1517 3075 1649 3135 etc.,
1671 3085 1767 3139 per
1789 3069 1941 3122 abso-

75 3160 340 3214 lutionem
363 3168 414 3215 ct
443 3162 863 3234 indulgentiam,
885 3166 979 3220 sed
1004 3166 1155 3220 clave
1183 3183 1291 3219 non
1311 3171 1555 3230 errante,
1584 3186 1609 3214 »
1633 3170 1782 3216 tomo
1806 3163 1843 3215 ll
1865 3164 1940 3219 ci-

75 3262 209 3322 tato,
243 3256 437 3328 pagina
474 3257 626 3326 191).

151 3374 176 3402 «
207 3352 516 3406 Universalc
546 3353 911 3408 concilium...
946 3354 1232 3408 abusivam
1271 3354 1524 3428 papalem
1563 3354 1616 3409 in
1641 3356 1863 3412 Decreto
1890 3367 1941 3413 et

73 3447 467 3517 DecretalibuS,
506 3447 665 3502 Sexto
697 3455 748 3502 et
783 3447 1157 3514 ClementiniS,
1193 3467 1406 3505 necnon
1451 3450 1944 3524 Exti-avagantibus

71 3543 363 3616 papalibus
386 3552 711 3618 praetensam
742 3545 939 3602 limitet
971 3553 1316 3620 potestatem.
1349 3547 1600 3603 Christus
1641 3549 1790 3604 enim
1818 3550 1943 3605 nul-

319 3662 349 3692 ι.
1651 3654 1701 3700 51
