2320 4010
851 175 978 222 PARS
1006 175 1244 223 sacuam.
1316 163 1322 168 '
1901 166 1990 232 32³

94 265 375 348 ‘Occidens
428 286 687 343 Romanae
731 281 988 339 Ecclesiae
1045 282 1140 355 jus
1178 270 1418 339 asseruit
1464 276 1693 350 caeteris
1727 274 1991 332 omnibus

115 404 272 443 suam
335 380 657 458 imponendi
718 379 912 445 lidem3
970 396 1032 434 ac
1069 377 1239 433 simul
1289 376 1525 453 proinde
1576 374 1682 450 ipsi
1723 373 1988 429 ‘inerran-

115 485 248 540 tiam
288 483 344 538 in
389 481 497 537 fide
525 477 858 543 vindicavit3
905 475 1205 554 siquidem,
1254 480 1316 531 ut
1356 492 1455 550 per
1487 491 1546 530 se
1577 470 1866 548 patet,ille
1909 486 1995 525 so-

119 584 206 638 lus
232 586 407 656 potest
433 578 559 636 aliis
585 576 749 632 fidem
777 590 939 630 suam
983 573 1269 647 imponere
1298 571 1394 644 qui
1433 571 1505 627 sit
1544 571 1603 626 in
1642 571 1750 626 tide
1792 566 1996 625 infalli-

129 679 274 735 bilis.
358 740 365 745 ‚
750 675 759 683 '
1076 686 1080 694 ¹

191 775 453 829 Pnoroslro
482 769 610 824 xl1·.
638 801 707 809 —
737 767 937 823 Saeculo
959 785 1008 819 iv
1042 783 1139 838 pro
1171 774 1314 820 certa.
1342 767 1570 820 habitam
1592 765 1758 835 fuisse
1784 763 2003 818 Romani

118 868 383 940 Pontificis
413 867 468 920 in
491 863 817 920 decernenda
850 861 954 933 [ide
980 860 1406 930 infallibilitatem
1433 863 1637 912 constat
1671 874 1736 911 ex
1772 860 1931 927 qestis
1971 876 2004 911 a

121 967 344 1024 Damaso
370 963 539 1034 Papa.
577 991 644 1002 —
668 957 815 1013 Obiit
836 958 1100 1012 Damasus
1124 972 1271 1010 anno
1296 954 1424 1010 584.
1457 953 1714 1027 Epistolae
1734 970 1904 1024 quam
1932 952 2006 1007 di-

140 1061 276 1118 rexit
307 1059 373 1114 ad
404 1056 696 1112 Paulinum
734 1053 1161 1122 Antiochenum,
1209 1050 1507 1106 formulam
1551 1049 1679 1104 fidei
1719 1048 2009 1120 adnexuit,

137 1158 225 1214 cui
250 1154 597 1211 subscribere
618 1151 878 1207 deberent
900 1150 1242 1223 quicumque
1266 1148 1469 1202 vellent
1488 1146 1734 1203 Ecclesiae
1746 1147 2006 1220 copulari.

134 1253 254 1307 llaec
276 1255 405 1304 sunt
423 1247 664 1319 epistolae
686 1247 850 1302 verba
879 1266 890 1298 :
923 1245 1067 1302 Unde
1093 1264 1156 1300 ne
1183 1252 1271 1299 (tut
1300 1245 1389 1299 tibi
1429 1243 1701 1315 serupulus
1732 1242 2007 1310 resideret,

143 1355 193 1402 et
222 1345 440 1400 volentes
462 1343 682 1412 forsitan
704 1342 937 1398 Ecclesiae
965 1342 1198 1414 copulari
1223 1348 1313 1395 tua
1335 1341 1503 1394 cautio
1531 1339 1800 1410 probanda
1823 1337 2014 1409 differ·

150 1451 248 1512 ret,
283 1441 433 1513 [idem
471 1447 699 1494 nostram
742 1443 998 1508 misimus,
1042 1456 1147 1492 non
1187 1445 1291 1491 tam
1341 1438 1450 1504 tibi,
1496 1436 1582 1506 qni
1627 1435 1849 1506 ejusdem
1890 1434 2014 1504 fidei

160 1537 508 1593 communione
530 1539 774 1606 sociaris,
795 1555 947 1609 quam
972 1538 1050 1591 his
1089 1538 1174 1607 qui
1207 1538 1259 1589 in
1300 1551 1362 1588 ea
1393 1534 1788 1602 subscribentes,
1818 1533 1929 1602 tibi,
1965 1532 2018 1585 id

166 1642 240 1688 est
262 1632 404 1707 uobis
428 1649 526 1702 per
555 1641 603 1686 te
624 1633 877 1688 voluerint
900 1634 1090 1687 sociari
1115 1629 1283 1704 (apud
1312 1630 1591 1698 Coustant,
1628 1629 1861 1702 epistola
1887 1646 1942 1696 v,
1967 1633 2021 1682 et

154 1726 297 1801 apud
322 1726 523 1794 Labbe,
550 1734 700 1783 tomo
729 1725 795 1798 ll,
839 1730 939 1784 eol.
976 1729 1108 1796 865,
1148 1727 1280 1781 edit.
1315 1724 1560 1790 ParisiiS,
1583 1723 1776 1793 1671).
1803 1723 1940 1794 Ergo
1959 1729 2021 1776 ut

153 1823 275 1896 quis
308 1823 563 1879 Ecclesiae
601 1825 978 1898 copularetur,
1025 1839 1248 1876 necesse
1287 1820 1389 1874 suit
1412 1837 1541 1874 eum
1568 1817 1692 1872 fidei
1721 1836 1749 1870 a
1774 1818 2021 1873 Romano

26 1958 46 1969 -
129 1921 407 1995 Episcopo
452 1922 831 1977 determinatae
865 1919 1233 1984 subscribere,
1289 1916 1536 1988 alioquin
1579 1934 1689 1970 non
1735 1916 2022 1971 habendus

149 2022 209 2070 ut
234 2015 558 2071 catholicus.
588 2015 692 2070 Sed
714 2016 828 2068 baec
853 2012 1114 2085 obligatio
1141 2011 1512 2066 concordandi
1543 2011 1597 2065 in
1632 2012 1738 2066 fide
1773 2030 1901 2067 cum
1924 2012 2023 2066 Ro·

146 2111 322 2167 manis
354 2111 711 2166 Pontificibus
742 2109 1006 2184 supponit
1039 2127 1131 2164 eos
1155 2127 1274 2164 6556
1298 2109 1355 2163 in
1386 2109 1490 2164 side
1516 2108 1860 2163 infallibiles.
1885 2109 2023 2180 Ergo

143 2227 239 2285 pro
264 2214 413 2264 certa
453 2207 547 2262 illa
576 2206 948 2262 infallibilitas
977 2206 1301 2261 habebatur.

217 2307 502 2362 Paorosmo
529 2305 762 2359 Xlll³.—
781 2305 981 2360 Saeculo
1007 2325 1052 2358 1v
1074 2323 1167 2377 pro
1199 2313 1340 2360 certa
1362 2305 1589 2359 habitam
1615 2306 1780 2376 sitisse
1807 2303 2027 2358 Romani

151 2401 418 2472 Pontificis
444 2403 498 2455 in
537 2400 863 2455 decernenda
896 2401 1001 2471 fide
1022 2401 1611 2467 inerrantium,c0nstat
1634 2417 1698 2453 ea:
1721 2399 2024 2453 Sozomeno.

148 2531 212 2541 —
230 2500 461 2574 Scripsit
489 2498 720 2571 quidem
751 2498 1083 2552 Sozomenus
1109 2497 1304 2567 quinto
1327 2497 1528 2551 saeculo
1554 2519 1563 2559 ;
1594 2496 1685 2550 sed
1713 2496 1780 2549 ad
1812 2502 2031 2569 tempus

158 2595 371 2651 Damasi
402 2597 554 2670 Papae
593 2600 803 2668 spectat
844 2592 991 2665 quod
1033 2591 1305 2647 enarravit
1336 2591 1500 2664 (libro
1524 2590 1584 2645 Vl
1622 2591 1872 2646 Historiae
1894 2609 2027 2660 suae,

92 2733 97 2738 -
159 2693 332 2768 capite
361 2693 487 2765 xxa)
515 2692 603 2747 his
630 2691 814 2747 verbis
845 2713 854 2744 z
881 2712 907 2743 «
943 2694 1075 2744 (jum
1100 2691 1212 2745 haec
1243 2690 1475 2761 quaestio
1503 2689 1808 2761 agitaretur
1834 2696 1887 2744 et
1904 2707 2032 2744 con-

149 2811 175 2839 «
225 2791 483 2847 tendendi
516 2790 701 2847 studio
732 2789 909 2862 magis
940 2789 1228 2860 magisque
1266 2788 1320 2842 in
1351 2788 1466 2843 dies
1493 2794 1782 2857 cresceret,
1818 2788 2035 2862 Episco-

152 2908 178 2938 «
219 2907 323 2962 pus
358 2889 512 2944 urbis
546 2889 730 2943 Romae
760 2887 983 2962 scripsit
1020 2887 1086 2941 ad
1114 2886 1415 2942 Orientales
1443 2886 1736 2956 EcclesiaS,
1765 2894 1826 2941 ut
1857 2886 2034 2940 Trini-

153 3006 179 3035 «
211 2991 390 3041 tatem
417 2985 970 3054 consubstantialem,
1000 3003 1062 3039 ac
1086 2986 1290 3047 honore
1316 2983 1601 3055 gloriaque
1630 2982 1898 3053 {equalem
1928 3000 2033 3034 una

155 3101 182 3133 (ι
204 3100 331 3136 cum
349 3082 794 3136 Occidentalibus
819 3082 1095 3155 Episcopis
1112 3082 1663 3142 confitm·cnt111‘.Quo
1683 3081 1843 3143 fact0‚
1870 3083 2040 3148 utpote

159 3194 186 3222 «
220 3176 573 3227 controversia
581 3175 779 3243 judicio
803 3175 1309 3230 RornanaeEcclesize.
1338 3177 1640 3237 terminata,
1662 3170 1868 3241 singuli
1888 3170 2040 3241 quie·

166 3290 190 3318 «
217 3286 372 3337 were,
401 3285 572 3338 eaque
591 3269 823 3338 quaestio
845 3269 1009 3324 linem
1038 3269 1312 3340 accepisse
1339 3268 1450 3321 visa
1468 3274 1570 3321 est.
1598 3288 1623 3317 »
1651 3266 1794 3337 Ergo
1820 3268 2043 3323 extabat

167 3368 297 3417 tunc
333 3368 374 3416 ti
391 3361 626 3435 mporis,
656 3362 940 3435 persuasio
966 3360 1370 3416 controversias
1395 3361 1461 3415 dc
1479 3359 1584 3435 fide
1609 3378 1706 3434 pro
1734 3362 2043 3420 terminatis

170 3460 446 3515 habendas
471 3477 610 3526 esse,
643 3459 829 3514 statim
869 3477 929 3513 ac
956 3458 1199 3512 Romana
1228 3458 1467 3513 Ecclesia
1487 3458 1763 3530 judicium
1800 3461 2042 3534 protule-

170 3563 271 3612 rat.
304 3558 554 3630 Alioquin
577 3576 684 3612 non
706 3559 1020 3629 quievissent
1045 3556 1240 3626 sinquli
1270 3573 1332 3611 cx
1364 3574 1427 3612 eo
1454 3557 1599 3628 quod
1630 3557 2042 3631 pronuntiasset
