2320 4010
264 179 352 227 500
668 219 675 227 ,
801 132 804 134 ·
934 171 1234 218 TRACTATUS
1266 173 1332 219 DE
1364 173 1510 220 PAPA.

264 292 376 342 tem
420 303 486 340 ex
531 279 780 356 praefatis
808 278 1189 350 documentiS,
1218 286 1281 338 ut
1318 281 1519 353 lector,
1549 300 1615 339 ex
1658 282 1764 339 isto
1799 284 1971 341 veluti
2014 288 2190 361 speci·
2218 285 2221 299 '

176 417 179 420 -
262 386 416 439 mine
450 378 615 435 facile
648 378 897 451 colligat,
941 379 1208 436 similiter
1254 399 1326 453 ex,
1367 381 1584 438 caeteris
1620 382 1867 439 textibus
1921 384 2190 442 absonam

262 477 487 554 probari
527 494 698 551 posse
727 476 1002 534 Bossuetii
1039 478 1438 536 subtilitatem.
1472 478 1554 536 Sit
1588 479 1647 535 in
1680 481 2002 556 exemplum
2045 482 2190 556 epis·

259 576 371 632 tola
412 574 594 640 sancti
632 550 902 631 Bernariii
943 576 1012 632 ad
1055 576 1451 634 Innocentium
1482 577 1528 633 ΙΙ
1572 577 1773 653 §Opera
1810 579 1868 635 S.
1902 578 2190 653 Bernarcli,

258 682 415 731 tomo
443 675 486 744 Ι,
521 675 629 730 col.
663 675 836 746 1054,
870 675 1133 732 editionis
1166 676 1369 750 Migne)
1396 698 1406 730 :

341 797 369 827 «
404 774 655 850 Oportet,
693 775 771 831 ait
798 782 1030 832 sanctus
1059 767 1298 847 Doctor,
1320 778 1390 833 acl
1416 786 1651 834 vestrum
1681 777 1878 834 referri
1912 778 2193 852 Apostola-

262 882 374 928 tum
399 873 651 947 pericula
683 891 922 953 quaeque
949 892 1014 928 ac
1044 874 1307 929 scandala
1336 875 1685 948 emergentia
1715 875 1775 930 in
1799 877 1961 932 domo
1988 876 2106 947 Dei,
2132 894 2194 933 ea

262 970 572 1045 praesertim
603 988 727 1044 quae
759 971 828 1027 de
867 970 974 1025 fide
1000 971 1356 1044 contingunt.
1395 972 1635 1044 Dignum
1673 992 1922 1046 namque
1951 973 2196 1030 arbitror

262 1069 342 1125 ibi
372 1070 740 1144 potissimum
779 1069 1040 1126 resarciri
1067 1070 1274 1126 damna
1304 1070 1431 1126 fidei
1461 1073 1548 1127 ubi
1581 1089 1690 1126 non
1721 1075 1892 1146 possit
1916 1074 2050 1144 fides
2075 1092 2196 1129 sen-

263 1172 364 1225 tire
401 1172 689 1243 defectum.
723 1171 853 1226 'Haec
880 1173 1077 1242 quippe
1113 1171 1270 1243 hujus
1301 1172 1666 1243 praeroqativa
1703 1172 1868 1226 seclis·
1907 1171 2006 1227 Cui
2044 1172 2194 1228 enirn

263 1268 422 1324 alteri
451 1268 757 1340 aliquando
778 1267 993 1322 dictum
1022 1274 1103 1322 est
1135 1288 1146 1319 ε
1178 1267 1287 1339 Ego
1315 1267 1503 1338 rogavi
1533 1285 1633 1340 pro
1660 1274 1736 1334 te,
1769 1270 1947 1337 Petre,
1982 1278 2047 1326 ut
2080 1290 2194 1328 non

262 1365 484 1422 deficiat
520 1365 656 1420 fides
688 1370 806 1419 tua.
847 1365 987 1436 Ergo
1023 1363 1174 1436 quod
1198 1363 1457 1437 sequitur
1496 1381 1525 1418 a
1560 1363 1707 1418 Petri
1733 1381 2056 1422 successore
2085 1369 2196 1424 exi-

176 1454 183 1458 *
261 1465 415 1538 gitur
453 1485 462 1517 :
496 1470 550 1519 et
593 1468 651 1518 tu
686 1461 991 1536 aliquando
1037 1481 1345 1519 conversus
1387 1461 1658 1518 confirma
1698 1462 1902 1518 fratres
1942 1469 2085 1520 tuos
2131 1467 2189 1521 Id

263 1562 494 1635 quidem
524 1560 695 1616 modo
723 1561 1128 1617 necessarium.
1167 1561 1410 1635 Tempus
1444 1567 1528 1616 est
1564 1567 1625 1616 ut
1650 1567 1899 1617 vestrum
1933 1579 2192 1634 agnosca-

263 1659 354 1727 tis,
395 1660 554 1715 Pater
591 1659 999 1729 amantissime,
1035 1659 1444 1734 principatum,
1479 1659 1729 1734 probetis
1763 1659 1965 1727 zelum,
1996 1659 2196 1714 minis-

264 1758 472 1813 terium
527 1758 835 1814 honoretis.
886 1759 945 1813 In
993 1776 1056 1813 eo
1099 1758 1262 1832 plane
1300 1758 1446 1813 Petri
1489 1758 1739 1831 impletis
1790 1758 1980 1828 vicem,
2033 1757 2198 1831 cujus

264 1856 468 1911 tenetis
493 1861 543 1911 et
572 1855 783 1923 sedem,
804 1855 849 1910 si
879 1861 1061 1910 vestra
1090 1854 1478 1910 admonitione
1505 1856 1674 1910 cor-,la
1699 1855 1757 1909 in
1786 1855 1894 1911 lide
1923 1857 2199 1911 fluctuan-

266 1954 343 2016 tia
392 1954 764 2023 confirmatiS,
802 1953 848 2008 si
883 1963 1058 2009 vestra
1095 1956 1406 2009 auctoritate
1441 1956 1718 2009 conteritis
1755 1955 1879 2025 fidei
1922 1963 2199 2028 corrupto-

266 2073 371 2109 res.
404 2076 430 2105 ))

343 2153 409 2207 Et
436 2153 542 2208 sub
570 2152 737 2208 finem
769 2153 1020 2225 ejusdem
1045 2153 1294 2227 epistolae
1326 2152 1399 2207 ita
1435 2151 1827 2225 subjungitur:
1862 2173 1888 2203 «
1916 2152 2053 2208 Cum
2083 2172 2199 2209 non

268 2252 421 2308 aliud
474 2259 616 2308 esset
670 2253 818 2325 quod
861 2270 1082 2325 agerem
1130 2269 1231 2326 pro
1278 2252 1490 2326 injuria
1532 2251 1659 2308 fidei
1699 2271 1872 2325 quam
1913 2252 2195 2325 dolebam,

266 2369 451 2425 operte
499 2350 640 2405 mihi
683 2349 928 2424 pretium
970 2349 1237 2418 arbitror,
1292 2349 1338 2404 si
1387 2351 1537 2405 illum
1577 2349 1792 2419 monui,
1834 2350 1995 2424 cujus
2041 2369 2199 2407 arma

264 2448 515 2521 potentia
544 2466 573 2502 a
604 2449 709 2502 Deo
738 2447 806 2502 ad
841 2447 1286 2504 destructionem
1319 2449 1377 2504 in
1413 2448 1766 2505 contrarium
1794 2449 2194 2520 asserentium,

264 2546 333 2600 ad
370 2546 767 2602 destruendam
797 2566 1023 2604 omnem
1061 2549 1418 2605 altitudinem
1449 2550 1820 2606 extollentem
1842 2568 1900 2606 se
1935 2550 2198 2606 adversus

266 2645 557 2700 scientiam
582 2646 695 2715 Dei,
727 2654 780 2703 et
809 2651 860 2703 in
888 2651 1252 2721 captivitatem
1279 2650 1626 2721 recliyenclum
1651 2667 1855 2706 omnem
1879 2649 2199 2704 intellectum

266 2740 324 2795 in
356 2744 693 2815 obsequium
732 2746 954 2801 Christi.
987 2769 1012 2797 »
1741 2813 1745 2815 4
1790 2808 1793 2811 ,

345 2840 398 2894 1⁰
431 2840 489 2893 In
526 2841 627 2895 hac
660 2842 894 2915 epistola
930 2850 1080 2900 totus
1115 2851 1200 2900 est
1228 2850 1461 2900 sanctus
1486 2844 1803 2900 Bernardus
1841 2851 1902 2899 ut
1933 2850 2196 2918 procuret

269 2934 633 2990 condemnari
679 2938 747 2991 ab
795 2938 1122 2994 Innocentio
1166 2941 1207 2994 Il
1254 2940 1514 2995 Abelardi
1555 2957 1791 2995 errores.
1841 2940 1895 2994 2⁰
1938 2939 2196 2996 Recurrit

268 3040 479 3102 autem,
518 3052 630 3089 non
662 3034 728 3089 ad
760 3035 1057 3104 Ecclesiam
1086 3037 1489 3107 universalem,
1515 3056 1630 3092 non
1659 3038 1726 3092 ad
1758 3038 2077 3093 Cardinales
2100 3044 2198 3094 aut

272 3130 410 3186 alios
445 3130 699 3188 Ecclesiae
736 3132 1000 3189 Romanae
1034 3133 1293 3206 clericos,
1334 3152 1450 3190 non
1485 3135 1555 3190 ad
1589 3138 1785 3191 seriem
1818 3135 2198 3192 Romanorum

270 3228 637 3299 Pontificum,
710 3230 806 3286 sed
869 3249 1129 3306 expresse
1179 3233 1246 3288 ad
1297 3233 1602 3308 ipsummet
1654 3234 2046 3290 Innocentium
2106 3234 2153 3289 lI
2182 3256 2195 3289 :

276 3325 413 3382 dum
436 3328 588 3384 enim
622 3329 755 3386 dicit
782 3331 852 3386 ad
886 3339 1121 3387 vestrum
1154 3333 1547 3406 Apostolatum‚
1580 3333 1730 3388 idem
1760 3341 1863 3402 est,
1893 3353 1957 3389 ac
1988 3333 2034 3389 si
2059 3333 2202 3389 dice-

275 3432 360 3481 ret
406 3428 476 3482 ad
522 3437 600 3494 te‚·
651 3428 798 3484 sicut
847 3431 1072 3503 quando
1117 3431 1317 3504 gallice
1357 3433 1486 3506 quis
1528 3432 1861 3507 Episcopum
1904 3433 2200 3506 alloquens

279 3522 437 3594 dicit,
473 3525 630 3582 Votre
663 3527 942 3585 Grandem·
972 3548 1004 3585 a
1037 3531 1368 3600 commancle',
1402 3531 1551 3587 idem
1587 3537 1671 3586 est
1704 3550 1767 3587 ac
1805 3531 1852 3586 si
1883 3531 1931 3587 ei
1964 3528 2198 3602 diceret,

282 3638 407 3677 vous
443 3643 566 3682 avez
598 3630 923 3686 commancle'.
966 3629 1029 3684 Et
1057 3630 1207 3702 quod
1239 3630 1547 3705 ipsummet
1575 3630 1964 3688 Innocentium
1988 3631 2040 3686 'Il
2066 3631 2203 3686 allo·
