2372 4108
880 263 1007 309 PARS
1039 261 1208 308 PRfflA.
1855 304 1870 308 ,
1929 259 1987 304 95

105 371 290 428 divino
319 369 510 443 repleti
541 368 752 444 Spiritu
776 411 789 437 ,
842 373 894 424 et
933 373 1237 423 sanctorum
1267 363 1694 438 apostolorum...
1722 365 1991 416 servantes

105 468 157 523 in
184 466 453 523 Dominica
490 466 743 538 reliyione
773 470 1115 538 praeceptum,
1163 459 1439 517 statuistis
1485 464 1621 515 ut...
1667 458 1732 513 de
1773 456 1991 529 reliquis

106 561 456 618 Ecclesiarum
479 560 834 617 sacerdotibus
862 557 1151 631 Episcopus
1182 556 1452 612 Romanus
1481 555 1692 611 haberet
1724 571 1944 610 examen
1971 574 1987 619 ,-

107 667 166 715 ut
194 666 243 717 et
270 660 337 716 de
363 660 627 733 religione
653 658 918 729 reliyionis
950 655 1193 727 Pontifex
1232 673 1362 710 cum
1399 653 1752 718 consortibus
1777 653 1993 727 judica-

105 766 219 828 rct,
270 778 370 815 nec
410 758 524 813 ulla
556 757 673 812 lieri
710 755 993 811 videretur
1034 754 1244 826 injuria
1279 752 1606 822 sacerdotiO,
1644 753 1691 807 si
1741 752 1994 810 sacerdos

107 857 246 913 nulli
280 875 519 929 usquam
556 854 774 929 profani
830 852 1112 926 judicis...
1162 851 1393 908 arbitrio
1430 850 1592 906 facilc
1626 851 1992 924 subjaceret»

107 956 272 1031 (apud
308 954 566 1011 Coustant
591 997 605 1025 ,
644 954 892 1028 Epistolae
917 952 1279 1008 Romanorum
1310 951 1622 1022 Pontificum
1649 992 1662 1018 ,
1718 948 1823 1004 eol.
1864 948 1996 1018 524,

104 1053 233 1109 edit.
276 1051 520 1122 Parisiis,
563 1051 754 1123 1721).
800 1050 933 1106 Cum
983 1049 1059 1105 ibi
1102 1049 1347 1106 Romano
1395 1046 1662 1121 Episcopo
1715 1045 1999 1101 tribuatur

102 1158 343 1227 potestas
363 1151 647 1226 judicandi
679 1150 746 1207 de
776 1151 992 1223 reliquis
1023 1149 1374 1205 Ecclesiarnm
1402 1147 1783 1216 sacerdotibus,
1815 1145 1997 1214 idest,

105 1247 412 1322 EpiscopiS,
455 1247 622 1318 idque
655 1245 875 1301 dicatur
899 1253 1198 1300 sanctorum
1243 1243 1620 1317 Apostolorum
1646 1250 1963 1315 praeceptum
1984 1281 1998 1309 ,

109 1348 206 1402 hoc
225 1347 344 1419 ipso
362 1347 621 1401 Romanae
639 1344 760 1400 Sedi
782 1344 1098 1399 vindicatur
1114 1341 1583 1417 jurisdictionalis
1602 1341 1661 1396 in
1682 1340 1999 1397 universam

113 1443 405 1499 Ecclesiam
426 1444 719 1517 primatus.

188 1541 240 1594 5⁰
273 1539 560 1596 Concilium
606 1539 969 1610 Aquileiense,
1038 1556 1184 1592 anno
1227 1537 1368 1607 581,
1421 1556 1486 1593 ex
1529 1536 1790 1593 omnibus
1831 1539 2003 1594 ferme

116 1638 424 1692 (lccidentis
462 1638 714 1711 partibus
752 1638 1165 1706 coadunatum,
1223 1637 1280 1691 in
1332 1637 1448 1692 suis
1498 1638 1565 1692 ad
1611 1638 2001 1711 imperatorem

116 1737 438 1791 Gratianum
470 1736 672 1791 litteris
715 1757 726 1788 z
775 1758 801 1788 «
831 1737 1019 1792 Totius
1052 1736 1199 1791 orbis
1232 1737 1466 1791 Romani
1503 1743 1669 1810 caput
1697 1738 2002 1792 Romanam

114 1833 483 1890 Ecclesiam...
525 1853 594 1890 ne
631 1835 846 1890 turbari
893 1835 1132 1903 sineret,
1179 1835 1519 1891 obsecranda
1561 1835 1667 1890 fuit
1709 1836 2004 1892 clementia

114 1938 313 1987 vestra.
371 1932 500 1988 Inde
548 1936 685 1988 enirn
737 1936 790 1988 in
841 1952 1015 1989 omnes
1077 1935 1396 1989 venerandas>
1461 1935 1834 1989 communionis
1880 1936 2007 2006 jura

119 2027 434 2083 dimanant»
476 2029 866 2101 (Conciliorum
894 2030 1071 2086 Labbe
1104 2036 1253 2086 tomo
1276 2030 1340 2098 II,
1386 2030 1492 2085 col.
1515 2030 1647 2098 999,
1694 2030 1826 2086 edit.
1858 2030 2006 2086 Pari-

121 2123 238 2193 siis,
273 2125 462 2196 1671).
518 2127 617 2182 Jus
655 2127 1068 2183 communionis
1114 2127 1404 2183 dimanare
1436 2127 1630 2200 nequit
1667 2147 1731 2184 ex
1763 2128 2004 2183 Ecclesia

118 2222 360 2279 Romana
395 2224 452 2278 in
495 2245 686 2282 omnes
730 2226 899 2296 alias,
958 2227 1067 2282 nisi
1116 2246 1178 2283 eo
1220 2246 1389 2283 sensu
1447 2227 1595 2300 quod
1655 2246 2009 2302 unaquaeque

122 2326 374 2376 teneatur
392 2324 685 2380 convenire
720 2345 847 2381 cum
868 2325 1148 2396 Romana,
1181 2320 1292 2382 non
1321 2332 1507 2382 autem
1544 2333 1802 2383 teneatur
1823 2347 2014 2384 conve-

127 2417 246 2472 nire
276 2437 403 2472 cum
432 2420 543 2474 ulla
571 2421 698 2488 alia,
751 2422 857 2478 nisi
883 2423 1088 2495 pariter
1121 2425 1237 2479 haec
1266 2443 1394 2478 cum
1426 2424 1670 2479 Romana
1698 2424 2009 2480 conveniat.

128 2510 255 2567 Inde
314 2521 499 2570 autem
563 2517 777 2588 exurgit
835 2518 1246 2590 jurisdictionis
1306 2520 1600 2593 primatus.
1666 2520 2015 2594 Praecipienti

130 2608 403 2680 siquidem
452 2611 712 2668 Romanae
764 2613 889 2669 Sedi
946 2621 1005 2670 ut
1054 2617 1171 2672 suis
1224 2616 1646 2672 delinitionibus
1690 2635 1752 2671 ac
1800 2617 2016 2688 legibus

128 2726 318 2763 omnes
357 2709 758 2784 obtemperent,
796 2713 841 2768 si
881 2732 1040 2775 suam
1075 2714 1243 2770 velint
1292 2732 1508 2770 servare
1538 2715 2016 2792 communionem,

130 2823 320 2861 onmes
346 2806 392 2862 ei
413 2809 638 2881 obsequi
671 2817 952 2881 tenentur,
979 2813 1109 2885 quia
1129 2819 1391 2870 tenentur
1409 2814 1467 2868 in
1487 2813 1605 2887 ejus
1624 2815 2020 2871 communione

131 2918 472 2973 permanere.
499 2905 653 2961 Notet
676 2913 939 2980 praeterea
966 2909 1137 2965 lector
1159 2909 1235 2965 ibi
1253 2910 1533 2966 Ecclesiam
1555 2911 1848 2968 Romanam
1874 2931 2020 2968 nun-v

133 2999 321 3071 cupari
347 3003 500 3056 totins
529 3005 663 3059 orbis
689 3005 907 3061 Romani
934 3015 1107 3081 caput.
1153 3007 1414 3070 Quaenam
1463 3014 1650 3065 autem
1689 3016 1825 3066 tunc
1880 3018 2019 3068 tenr-

137 3097 282 3168 poris
300 3097 534 3156 Ecclesia
559 3102 702 3158 intra
738 3104 970 3161 Roma-ni
996 3107 1146 3163 orbis
1172 3108 1445 3164 ambitum
1476 3127 1586 3164 non
1622 3110 2022 3165 claudebatur?

142 3189 262 3245 ldeo
289 3193 460 3247 totius
485 3196 634 3251 orbis
661 3199 915 3272 Romani,
954 3203 1084 3275 quia
1114 3203 1444 3277 simpliciter
1468 3204 1642 3259 totius
1671 3205 1842 3258 orbis.

215 3289 268 3342 4⁰
312 3290 595 3346 Concilium
622 3295 1063 3370 Carthayinense,
1096 3321 1242 3356 anno
1272 3302 1406 3368 416,
1440 3303 1496 3355 in
1524 3302 1641 3356 suis
1667 3301 1735 3355 ad
1765 3306 2020 3356 sanetum

141 3379 519 3443 Innocentium
556 3389 756 3447 litteris
805 3416 815 3447 :
873 3417 899 3447 «
924 3397 1031 3453 Hoc
1064 3399 1252 3470 itaque
1279 3405 1531 3470 gestum,
1573 3397 1797 3453 domine
1822 3398 2019 3470 frater,

142 3490 342 3540 sanctae
364 3485 581 3542 caritati
614 3493 722 3542 tuae
750 3488 1125 3547 intimandum
1152 3493 1439 3561 duximuS,
1480 3498 1540 3546 ut
1575 3493 1797 3549 statutis
1823 3499 2024 3550 nostrae

143 3580 538 3638 mediocritatis
561 3583 728 3640 etiam
759 3586 1083 3659 Apostolicae
1107 3587 1262 3643 Sedis
1289 3587 1620 3644 adhibeatur
1665 3589 1965 3645 auctoritas
1993 3612 2020 3644 υ

146 3677 311 3750 (apud
350 3679 646 3747 Constant,
676 3680 918 3754 Epistola»
958 3681 1311 3739 Romanorum
1349 3681 1694 3754 Pontificum,
1745 3684 1852 3740 col.
1885 3685 2025 3756 869,
