2410 4114
305 249 364 294 24
975 241 1271 290 TRACTATUS
1303 244 1367 289 DE
1399 244 1542 291 PAPA.

320 411 323 413 Α
383 357 519 412 Huoo
561 355 890 410 EmssmANUS.
929 384 1000 393 —
1045 352 1125 423 Is,
1167 352 1268 410 etsi
1300 354 1551 424 Latinus,
1593 354 1821 430 scripsit
1854 374 2034 430 graece
2074 356 2223 414 circa

311 473 526 512 annum
555 452 722 509 1160.
741 451 828 507 Sic
861 451 1032 508 habet
1063 450 1122 507 in
1151 469 1316 527 opere
1346 451 1414 508 de
1443 452 1802 526 processione
1832 453 2019 510 Sancti
2052 453 2225 529 Spiri-

312 561 426 624 tus,
454 554 493 611 l.
523 551 612 622 ΙΙΙ,
647 568 766 624 cap.
804 550 870 606 17
904 572 914 604 :
955 571 981 602 «
1013 550 1090 606 Ex
1122 550 1241 626 ipsa
1283 551 1363 607 rei
1402 551 1681 609 evidentia
1723 551 1939 625 liquido
1973 559 2224 628 apparet,

314 651 467 725 quod
509 651 734 706 Petrum
789 651 1026 734 ejusque
1076 669 1459 708 successorem
1513 651 1767 708 Christus
1814 651 2132 726 principem
2176 658 2230 708 et

314 755 506 824 caput,
530 767 643 804 non
675 748 839 804 modo
870 749 1196 805 Latinorum
1229 755 1282 805 et
1313 750 1654 821 Graecorum,
1680 749 1995 805 Occidentis
2018 756 2070 805 et
2101 745 2292 823 Sep—'¹¹

313 847 619 904 tentrionis
674 847 945 917 universi,
986 865 1183 904 verum
1216 848 1384 904 etiam
1419 849 1821 916 Armenorum,
1855 846 2235 916 Arabum,Ju—

318 945 591 1015 daeorum,
619 945 1076 1018 ¹Madianitarum,
1103 952 1156 1003 et
1177 946 1352 1002 totius
1375 946 1610 1002 orientis
1634 950 1687 1001 ct
1715 943 2016 1001 meridiani
2044 943 2239 999 clima-

317 1041 391 1098 tis
423 1042 481 1097 in
510 1049 850 1117 perpetuum
893 1045 1206 1101 constituit.
1243 1066 1270 1098 »

394 1140 460 1195 ll.
496 1140 673 1196 Series
698 1141 1007 1198 Latinorum
1033 1144 1259 1200 Patrum
1288 1165 1302 1196 .-

396 1237 450 1294 S.
491 1237 782 1293 CYPRIANUS.
818 1271 886 1279 —
922 1240 981 1295 In
1012 1241 1157 1297 libro
1197 1242 1260 1296 cle
1296 1240 1504 1297 Unitate
1530 1240 1798 1312 Ecclesiae,
1826 1238 2010 1314 capite
2032 1239 2064 1294 5
2099 1245 2152 1295 et
2185 1239 2242 1311 4,

323 1336 602 1393 rationem
638 1338 984 1412 patefaciens
1020 1358 1123 1396 cur
1149 1340 1407 1396 eveniant
1440 1342 1679 1396 haereses
1712 1345 1764 1395 ct
1804 1338 2134 1412 schismata,
2168 1338 2249 1394 sic

326 1435 494 1490 hahet
533 1456 543 1487 ε
594 1456 619 1485 (ι
671 1436 779 1490 Hoc
821 1454 884 1492 eo
923 1437 1006 1506 fit,
1051 1437 1255 1493 fratres
1297 1436 1677 1507 dilectissimi,
1712 1436 1849 1490 dum
1893 1436 1961 1490 ad
1994 1435 2251 1492 veritatis

327 1531 605 1604 originem
630 1550 741 1588 non
774 1533 1016 1604 reditur,
1051 1553 1153 1591 nec
1180 1541 1351 1609 caput
1378 1534 1677 1606 quaeritur,
1708 1550 1812 1587 nec
1854 1533 2112 1604 magistri
2145 1551 2252 1588 coe-

327 1628 485 1685 lestis
521 1630 779 1686 doctrina
815 1638 1088 1688 servatur.
1125 1632 1255 1695 Quae
1281 1632 1328 1687 si
1361 1632 1489 1704 quis
1514 1629 1830 1687 consideret
1864 1637 1916 1685 et
1946 1630 2251 1701 examinet,

329 1734 574 1785 tractatu
606 1728 773 1800 longo
809 1735 981 1801 atque
1011 1730 1365 1802 argumentis
1398 1748 1541 1804 opus
1583 1747 1696 1784 non
1737 1735 1839 1784 est.
1873 1728 2128 1785 Probatio
2171 1737 2254 1787 est

335 1826 404 1882 ad
439 1825 606 1881 fidem
650 1825 831 1883 facilis
871 1829 1204 1902 compendio
1250 1829 1523 1885 veritatis
1566 1827 1838 1900 Loquitur
1871 1827 2143 1883 Dominus
2187 1827 2258 1883 ad

334 1923 562 1979 Petrum
593 1945 603 1977 :
635 1923 744 1996 qu
767 1926 859 1980 tibi
889 1927 1028 1996 dico,
1056 1926 1264 1999 inquit,
1292 1930 1418 2000 quia
1451 1935 1508 1982 tu
1537 1944 1592 1981 es
1613 1925 1830 1996 Petrus,
1855 1932 1906 1979 et
1939 1942 2100 1998 super
2126 1925 2261 1979 hanc

334 2030 548 2096 petram
575 2024 844 2095 aedificabo
874 2025 1167 2081 Ecclesiam
1194 2045 1389 2096 meam,
1423 2035 1474 2082 ct
1495 2033 1661 2097 portae
1699 2023 1997 2094 inferorum
2018 2041 2123 2079 non
2154 2012 2264 2079 cin-

343 2129 456 2177 cent
489 2140 624 2180 eam.
650 2122 712 2178 Ec
734 2124 825 2178 tibi,
855 2125 987 2180 dabo
1018 2126 1186 2180 claves
1215 2128 1366 2197 reflui
1399 2126 1673 2187 coelorzcm5
1705 2131 1755 2179 et
1790 2140 1908 2195 quae
1937 2123 2262 2195 liyaveriS...

342 2221 410 2277 Et
442 2221 650 2278 iterum
681 2223 862 2278 eidem
896 2232 1020 2298 post
1052 2225 1525 2281 resurrectionem
1557 2241 1718 2279 suam
1747 2221 1883 2277 dicit
1911 2244 1921 2276 :
1959 2222 2124 2277 Pasce
2151 2240 2268 2277 oves

344 2338 510 2375 meas,
546 2320 727 2396 Super
751 2322 914 2378 illum
941 2342 1123 2379 unum
1149 2323 1385 2380 aedificat
1417 2322 1720 2378 Ecclesiam
1746 2338 1908 2375 suam
1944 2324 1997 2375 et
2025 2319 2108 2373 illi
2141 2338 2268 2394 pas-

347 2418 554 2475 cendas
606 2421 837 2478 mandat
886 2441 1014 2478 oves
1060 2441 1211 2479 suas.
1259 2423 1322 2477 Et
1374 2422 1634 2494 quamvis
1677 2417 1958 2494 Apostolis
2005 2417 2272 2472 omnibus

349 2523 477 2590 post
503 2520 980 2576 resurrectionem
1014 2540 1178 2577 suam
1208 2539 1401 2596 parem
1434 2521 1650 2576 tribuat
1689 2523 2022 2592 potestatem
2049 2561 2061 2584 ,
2097 2534 2272 2572 unam

349 2617 540 2669 tamen
563 2616 892 2672 cathedram
921 2619 1218 2675 constituit
1250 2626 1301 2675 et
1332 2618 1569 2675 unitatis
1602 2615 1882 2690 originem
1910 2620 2081 2685 atque
2101 2613 2274 2668 ratio-

350 2729 481 2768 nem
516 2732 616 2768 sua
659 2717 995 2774 auctoritate
1022 2718 1324 2793 disposuit.
1371 2719 1482 2774 Hoc
1524 2722 1682 2774 erant
1729 2713 1929 2784 utique
1978 2716 2028 2766 et
2080 2710 2271 2767 caeteri

354 2807 504 2877 quod
532 2814 584 2862 et
605 2810 803 2867 Petrus
826 2837 835 2879 3
874 2815 970 2869 sed
989 2816 1274 2888 primatus
1300 2817 1458 2871 Petro
1491 2815 1678 2880 datur,
1708 2817 1771 2866 ut
1798 2827 1914 2864 una
1945 2807 2148 2863 Christi
2176 2808 2275 2863 Ec-

353 2903 525 2959 clesia
553 2912 605 2962 et
638 2910 902 2965 cathedra
946 2930 1060 2966 una
1093 2919 1461 2968 monstretur.
1504 2933 1531 2964 »
1565 2909 1742 2982 Igitur
1781 2924 2043 2982 expresse
2087 2904 2278 2961 docuit

354 2999 666 3074 Cyprianus
688 3048 700 3072 ,
738 3010 1036 3078 primatum
1081 3008 1243 3065 Petro
1295 3010 1498 3065 datum.
1549 3006 1707 3070 Quod
1757 3010 1947 3061 autem
2000 3001 2279 3073 intelligat

354 3098 667 3173 primatum
694 3103 1131 3181 jurisdictioniS,
1155 3126 1265 3163 non
1294 3107 1437 3164 meri
1465 3105 1694 3162 honoris
1725 3104 2044 3169 dumtaxat,
2076 3098 2281 3155 evincit

355 3205 676 3258 contextus.
695 3202 831 3259 Nam
866 3206 996 3263 inde
1028 3208 1241 3282 colligit
1272 3208 1582 3282 Cyprianus
1610 3205 1921 3280 primatum
1947 3197 2280 3271 Petri,quod

355 3315 514 3370 super
563 3301 715 3356 illum
760 3322 919 3360 urium
970 3306 1227 3362 Christus
1271 3307 1562 3362 Ecclesiam
1606 3322 1763 3359 suam
1815 3300 2178 3372 aedificaverit,
2229 3303 2281 3353 et

359 3396 508 3464 quod
555 3399 634 3454 illi
669 3406 969 3474 pascendas
1020 3407 1347 3462 mandaverit
1392 3424 1514 3461 oves
1554 3422 1700 3459 sua&
1730 3401 1862 3465 Quae
1892 3414 2027 3454 sane
2059 3399 2281 3449 susten-

356 3491 515 3545 tandi
552 3496 727 3553 totius
766 3500 989 3556 aedilicii
1027 3521 1091 3558 ac
1132 3522 1258 3559 oves
1293 3502 1560 3578 pascendi
1609 3499 1792 3557 officia
1821 3490 2280 3569 jurisdictionem

360 3602 551 3643 secum
580 3592 788 3663 ferunt,
824 3618 927 3655 nec
960 3602 1175 3675 absque
1203 3601 1603 3676 jurisdictione
1642 3604 1792 3655 stare
1834 3610 1898 3648 ac
1941 3588 2159 3663 expleri
2185 3605 2279 3643 va-

360 3680 498 3738 lent.
532 3685 823 3765 Przeterca,
862 3697 986 3753 ideo
1016 3699 1175 3754 docet
1205 3700 1519 3773 Cyprianus
1555 3698 1737 3751 datum
1771 3690 1934 3745 Petro
1957 3688 2277 3760 primatum,
