2320 4010
1997 27 2031 55 ο

337 141 427 188 498
1011 134 1308 181 TRACTATUS
1338 135 1406 182 DE
1434 135 1579 184 PAPA.

333 245 510 302 fnisse
538 243 889 318 exploratam
915 245 970 297 et
995 246 1212 308 certam,
1240 260 1307 298 ex
1333 259 1398 298 eo
1430 240 1734 298 manifeste
1760 242 2064 317 colligitur,
2107 247 2256 318 quod
2304 260 2320 309 j.

338 342 491 417 (licet
526 346 790 414 ageretur
812 339 882 396 de
901 339 1147 410 duobus,
1171 358 1287 396 non
1316 339 1478 410 certi,
1506 339 1604 396 sed
1632 338 1792 396 dubii
1809 339 1956 413 juris
1981 341 2259 406 Pontifici-
2298 326 2320 395 “f

333 439 463 512 hus)
509 458 623 496 non
655 446 851 496 tamen
893 438 1018 495 ausi
1057 438 1170 495 sint
1209 438 1338 495 illos
1374 437 1632 495 absolute
1671 438 1971 513 deponere,
2016 439 2128 495 nisi
2166 458 2257 511 eos
2294 494 2320 524 .²

332 539 585 608 aliunde,
622 538 679 594 id
713 544 797 595 est
829 538 900 594 ob
938 538 1156 594 crimen
1192 536 1520 594 schismatis
1547 542 1601 592 et
1637 537 1887 605 haeresiS,
1915 526 2320 604 indicassentgss.

332 657 361 694 a
404 637 726 714 semetipsis
771 641 885 712 ipso
931 639 1073 711 facto
1115 636 1424 712 depositos,
1475 635 1754 693 excidisse
1784 636 1853 692 ab
1880 654 1944 693 eo
1973 635 2256 696 Pontificio
2291 622 2295 676 Ῑ

332 737 605 812 primatu,
637 755 749 810 quo
782 737 899 792 solo
933 755 963 791 a
996 736 1224 792 concilii
1254 735 1654 811 jurisdictione
1679 735 2144 791 eximebantur...
2181 737 2271 804 Ex,

327 837 466 893 actis
513 837 665 893 enim
710 856 773 893 ac
819 837 1177 913 documentis
1215 836 1472 910 ejusdem
1519 833 1746 891 concilii
1783 834 1963 907 liquet
2012 834 2095 909 (in
2139 831 2289 910 ipso,¹

326 937 488 1011 prius
512 937 811 992 Doctorum
834 936 1175 1007 Patrumque
1199 934 1474 1007 requisita
1502 932 1806 1006 sententia)
1838 933 1942 989 hos
1968 932 2083 988 fere
2108 933 2167 988 in
2193 951 2255 992 eo

327 1035 680 1105 convenisse,
721 1035 1054 1108 Gregorium
1083 1035 1169 1111 XII
1195 1040 1248 1090 et
1274 1034 1639 1090 Benedictum
1667 1032 1800 1102 XIII,
1831 1032 2044 1089 incerto
2071 1033 2254 1090 Ponti·
2287 1093 2290 1098 Δ

325 1134 526 1190 ficatus
543 1133 672 1206 jure
691 1133 1019 1206 fungenteS,
1049 1151 1176 1188 cum
1201 1150 1322 1188 sese
1339 1138 1505 1187 antea
1521 1131 1890 1204 jurejurando
1912 1133 2256 1206 obligassent

325 1231 394 1284 ad
428 1230 609 1303 ipsius
631 1228 995 1283 Pontificatus
1021 1229 1358 1295 cessionem,
1389 1228 1438 1281 si
1467 1228 1718 1297 tollendo
1741 1229 2034 1286 schismati
2065 1251 2257 1289 neces-

322 1327 472 1382 saria
506 1333 674 1395 esset,
719 1325 891 1398 hujus
932 1323 1331 1399 promissionis
1362 1322 1801 1396 exequutionem
1844 1325 2062 1383 diutius
2093 1330 2255 1387 diffc-

322 1434 532 1497 renteS‚
578 1425 751 1482 veluti
799 1425 1048 1481 fautores
1093 1422 1535 1500 pertinacissimi
1590 1423 1933 1497 schismatis,
1968 1428 2253 1488 habendos

321 1543 445 1581 esse
475 1532 749 1597 tanquam
792 1509 1186 1580 schismaticos
1216 1523 1329 1578 imo
1359 1523 1529 1579 etiam
1573 1522 1886 1591 haereticOS,
1908 1525 2064 1595 juxta
2107 1526 2246 1582 illud

322 1625 647 1679 scholarum
680 1623 855 1697 (quod
900 1623 1236 1695 invaluerat.)
1275 1622 1645 1697 principium,
1700 1621 1850 1694 quod
1895 1622 2145 1695 pertinax
2187 1627 2248 1679 in

320 1722 626 1778 schismate
645 1722 712 1777 ah
737 1722 998 1777 haeretico
1019 1721 1266 1796 practice
1288 1739 1400 1777 non
1420 1720 1813 1794 distinguitur.
1834 1720 2070 1776 Eosdem
2085 1739 2249 1795 porro

319 1821 389 1875 ob
422 1820 709 1875 notorium
739 1820 1069 1876 schismatis
1097 1826 1149 1875 et
1183 1819 1416 1875 haeresis
1450 1820 1689 1890 crimen,
1723 1826 1852 1875 ante
1879 1838 2103 1876 omnem
2129 1837 2249 1876 sen-

316 1918 551 1973 tentiam
594 1921 706 1991 ipso
753 1920 892 1990 facto
924 1919 991 1972 ab
1031 1918 1276 1973 Ecclesia
1308 1936 1429 1974 esse
1463 1918 1757 1992 praeciSOS,
1780 1924 1832 1974 et
1859 1938 1888 1974 a
1919 1918 2246 1975 pontificatu

316 2022 732 2088 consequenter
772 2015 1081 2083 decidisse3
1120 2034 1184 2071 ac
1209 2021 1532 2090 propterea,
1563 2017 1813 2072 Romana
1839 2017 1978 2072 Sede
2003 2017 2120 2090 jam
2156 2035 2244 2073 va-

289 2124 495 2186 cante,
527 2117 699 2172 licere
739 2116 806 2172 ad
837 2116 966 2173 novi
995 2116 1249 2190 certique
1290 2117 1577 2173 Pontificis
1618 2118 1950 2174 electionem
1978 2117 2239 2174 transire.

313 2215 434 2270 Ilaec
455 2215 557 2270 fuit
588 2214 864 2270 sententia
891 2213 1284 2287 theologorum
1309 2220 1477 2289 atque
1503 2216 1929 2271 canonistarum
1960 2214 2090 2285 105,
2123 2215 2239 2289 qui,

316 2314 557 2371 concilio
595 2315 851 2388 jubente,
891 2314 947 2368 in
977 2314 1163 2389 prima
1204 2315 1638 2388 congregatione
1665 2315 1908 2372 consulti
1951 2316 2175 2373 fuerant
2213 2334 2244 2372 a

313 2411 592 2467 Cardinali
618 2412 1039 2468 Mediolanensi.
1069 2411 1221 2467 Idem
1249 2430 1474 2485 quoque
1498 2421 1841 2470 censuerunt
1865 2413 1961 2469 alii
1982 2415 2242 2471 Doctores
2278 2438 2282 2443 ·

313 2511 699 2567 Universitatis
726 2511 761 2565 F
767 2510 1061 2567 lorentinae
1087 2529 1326 2567 numero
1356 2511 1492 2574 12ος
1527 2532 1555 2568 a
1585 2513 1791 2586 quibus
1818 2501 1932 2569 non
1961 2513 2239 2589 discrepa-
2291 2562 2304 2571 „

311 2617 445 2666 runt
477 2609 878 2666 Universitates
905 2610 1292 2680 BononiensiS,
1325 2611 1761 2684 AndegavensiS,
1790 2613 2237 2685 Aurelianensis,
2313 2685 2318 2690 η

314 2710 609 2778 Tolosana,
664 2716 715 2765 et
769 2709 1130 2784 potissimum
1193 2709 1551 2781 Parisiensis,
1599 2730 1725 2784 quae
1777 2712 2033 2768 eamdem
2079 2731 2238 2768 suam

315 2809 653 2862 sententiam
697 2827 796 2881 per
830 2810 1042 2882 legatos
1074 2810 1313 2882 concilio
1347 2810 1754 2883 significarunt.
1794 2811 1915 2866 Haec
1941 2818 2129 2866 autem
2161 2817 2237 2868 tot
2264 2830 2265 2833 ’

310 2906 702 2979 theologorum
740 2908 1012 2981 suffragia
1055 2928 1119 2964 ac
1155 2909 1435 2984 principia
1479 2910 1662 2965 Pisani
1686 2910 1877 2966 Patres
1907 2911 2084 2967 secuti
2114 2930 2237 2969 nos·
2263 2939 2285 2997 ἑ·

311 3010 616 3075 cuntur...,
663 3023 892 3076 cum...,
935 3007 1158 3062 eosdem
1206 3007 1371 3082 (duos
1408 3008 1837 3083 contendentes)
1879 3017 1942 3067 ut
1984 3002 2275 3086 notoriosss

309 3103 702 3161 schismaticos
734 3109 787 3159 et
826 3105 1117 3161 haereticos
1151 3107 1268 3178 ipso
1296 3107 1436 3178 facto
1470 3126 1499 3162 a
1526 3107 1631 3163 Deo
1668 3114 1720 3164 ct
1750 3127 1778 3163 a
1798 3110 1990 3166 'sacris
2016 3110 2232 3167 canoni÷

307 3204 414 3259 bus
450 3203 626 3259 fuisse
657 3202 940 3278 depositos
979 3203 1339 3260 declararunt
1380 3206 1631 3264 sessione
1665 3210 2107 3285 quartadecima,
2137 3228 2229 3267 an·
2269 3277 2274 3284 ,

307 3309 535 3375 tequam
563 3302 622 3357 in
655 3301 806 3375 ipsos
839 3302 1210 3377 depositionis
1243 3306 1585 3360 sententiam
1627 3307 1862 3379 ferrent,
1901 3327 1997 3365 seu
2043 3309 2227 3384 potius
2269 3295 2287 3351 *-

306 3407 469 3456 antea
489 3401 663 3456 latam
684 3400 1052 3458 declararent.
1080 3401 1223 3466 Quid
1241 3409 1356 3459 tam
1375 3403 1539 3478 longe
1556 3406 1789 3478 quaesito
1815 3408 2225 3483 principiorum

304 3499 619 3556 circuitu...
664 3500 890 3556 concilii
918 3501 1107 3558 Patres
1142 3502 1231 3558 usi
1258 3502 1596 3575 fuissent...,
1627 3506 1675 3561 si
1711 3505 1864 3581 ipsos
1894 3506 2051 3562 dubii
2079 3505 2255 3586 juris·

302 3598 591 3656 Pontifices
622 3599 929 3656 concilium
964 3601 1227 3674 generale
1258 3621 1358 3678 per
1406 3622 1528 3661 sese
1566 3605 1823 3662 absolute
1865 3623 2030 3680 posse
2058 3604 2224 3678 depo-
