2372 4108
351 297 408 343 sc
722 313 725 315 -
755 256 760 262 ’
1031 284 1323 331 TRACTATUS
1354 284 1421 331 DE
1452 283 1598 331 PAPA.

358 426 384 456 «
414 409 548 461 tate.
602 398 845 470 Denique
879 393 941 448 ¹si
991 410 1175 448 canon
1225 391 1321 448 ille
1362 390 1617 448 conciliis
1673 390 1986 466 adjudicari
2046 392 2277 449 omnino

356 525 383 554 «
415 499 646 572 nequit,
684 493 973 550 fatendum
1010 498 1203 549 tamen
1239 498 1323 548 est
1347 537 1360 562 ,
1399 509 1531 548 eum
1565 496 1838 564 tanquam
1874 491 2278 549 documentum

353 616 508 653 «seu
560 591 954 651 testimonium
1005 591 1344 648 historicum
1388 590 1626 647 existere
1670 589 1739 646 de
1781 591 2096 663 sententia,
2157 611 2279 666 quae

350 715 377 745 a
413 692 729 767 antiquitus
754 691 976 766 vigebat
999 692 1147 767 apud
1191 691 1496 748 orientales
1532 690 1943 747 remotissimas
1983 691 2274 762 nationeS,

350 814 377 845 «
415 794 481 850 de
526 792 950 868 praeeminentia
994 791 1232 849 Romani
1288 791 1574 848 Pontificis
1644 809 1812 866 super
1855 791 2148 848 universos
2184 792 2283 848 Pa-

351 914 377 944 «
409 892 706 963 triarchaS,
741 891 1011 966 primates
1049 898 1100 948 et
1131 890 1374 947 concilia
1417 909 1641 964 eorum,
1676 897 1728 947 et
1754 909 1925 966 super
1960 891 2281 947 universam

352 990 763 1047 «Ecclesiam»
823 990 1175 1060 <Muzzarelli‚
1219 989 1283 1046 (se
1331 988 1657 1046 Auctoritate
1699 989 1853 1046 Rom.
1907 989 2188 1061 Pontificis
2227 992 2282 1045 in

347 1091 606 1161 conciliis,
651 1097 804 1147 tomo
826 1090 867 1163 Ι,
902 1107 1026 1165 pag.
1055 1089 1183 1161 109,
1228 1089 1367 1146 edit.
1400 1089 1667 1151 Gaudavi,
1698 1088 1911 1161 absque
1958 1087 2091 1144 anni
2134 1087 2281 1145 indi-

350 1188 613 1263 catione).

424 1289 478 1343 5⁰
519 1289 810 1346 Solvuntur
850 1292 1184 1363 objectiones.
1219 1321 1289 1330 —
1323 1289 1526 1345 Primo.
1560 1322 1628 1329 --
1651 1288 1864 1344 Citatus
1890 1287 2076 1343 Rufini
2103 1293 2284 1344 textus

344 1388 596 1444 Romano
669 1388 942 1463 Episcopo
1008 1387 1466 1462 jurisdictionem
1529 1387 1731 1443 tribuit
1802 1387 2159 1444 solummodo
2227 1388 2282 1442 in

345 1487 739 1542 suburbicarias
777 1487 1069 1557 Ecclesias,
1118 1492 1170 1542 et
1204 1488 1309 1541 hoc
1348 1487 1470 1560 ipso
1499 1486 1745 1541 excludit
1767 1486 2277 1561 jurisdictionalem

344 1586 654 1642 Primatum
698 1586 755 1641 in
785 1586 1160 1642 universalem
1188 1584 1522 1641 Ecclesiam.
1566 1617 1636 1624 —
1685 1585 2000 1659 Respondet
2038 1570 2276 1641 Binius:⁴

348 1707 376 1738 «
408 1685 567 1749 Quod
587 1685 774 1741 Rufini
795 1685 1069 1760 expositio
1107 1686 1224 1741 hacc
1249 1684 1397 1739 mala
1422 1683 1515 1752 sit,
1538 1702 1794 1757 erronea,
1835 1691 1886 1740 et
1922 1703 1985 1740 ex
2013 1685 2278 1758 ignoran-

348 1786 426 1840 tia
483 1784 769 1858 profecta,
820 1790 974 1857 patet
1026 1805 1036 1836 ε
1086 1783 1218 1856 quia
1269 1785 1372 1838 hoc
1423 1781 1727 1837 concilium
1783 1784 1998 1856 (neque
2035 1790 2097 1840 ut
2145 1785 2275 1853 hic,

348 1901 528 1956 neque
585 1890 647 1938 ut
705 1883 764 1937 in
819 1882 1058 1938 concilio
1114 1880 1540 1954 Catharginensi
1599 1887 1780 1952 sexte,
1851 1882 1939 1937 vel
1992 1882 2161 1938 etiam
2217 1885 2275 1941 in

298 1999 300 2001 ·
349 1980 821 2050 Calchedonensi‚
878 1987 975 2036 aut
1012 1986 1074 2035 ut
1116 1998 1145 2034 a
1189 1979 1447 2054 Dionysio
1499 1979 1735 2035 citatum
1778 1980 2097 2055 reperitur)
2145 1983 2277 2038 sub-

348 2079 767 2136 urbicariarum
811 2080 1190 2136 Ecclesiarum
1242 2097 1485 2152 usquam
1534 2078 1816 2134 meminit.
1854 2079 2083 2135 Accedit
2126 2081 2273 2152 quod

347 2180 469 2255 ipsa
512 2180 657 2236 ratio
702 2180 891 2255 inepta
934 2180 1075 2235 foret
1120 2179 1166 2234 si
1217 2179 1293 2235 ita
1342 2178 1735 2251 restringenda
1776 2186 1940 2235 esset.
1998 2179 2137 2235 Ante
2164 2180 2276 2237 vic-

348 2268 551 2335 toriam
603 2278 776 2352 igitur
814 2284 1081 2334 novantes
1117 2277 1299 2334 nostri
1335 2277 1523 2333 saeculi
1568 2277 1945 2351 triumphant,
1980 2278 2139 2352 quasi
2174 2279 2278 2334 hoc

346 2379 466 2434 loco
514 2377 743 2434 definita
807 2378 978 2434 fuerit
1022 2378 1286 2434 Romanae
1324 2376 1584 2433 Ecclesiae
1642 2376 1992 2450 jurisdictio,
2040 2383 2102 2432 ut
2156 2383 2277 2432 tan-

348 2484 471 2533 tum
535 2477 723 2553 praesit
793 2478 1136 2535 suburbanis
1194 2477 1456 2533 Ecclesiis
1487 2499 1514 2530 »
1585 2476 1772 2552 (apud
1820 2475 2034 2546 Labbe,
2106 2481 2148 2532 t.
2208 2471 2276 2548 H,

347 2576 452 2631 col.
487 2578 513 2632 7
523 2577 602 2649 5).

423 2677 683 2734 Secundo,
742 2713 813 2719 —
863 2678 1085 2734 Attenta
1132 2678 1388 2734 versione
1418 2676 1663 2753 Dyonisii
1707 2675 1904 2749 Exigui
1954 2681 2006 2732 et
2058 2675 2269 2732 Isodori

348 2776 689 2846 NlercatoriS,
731 2796 912 2833 canon
940 2785 1126 2834 sextus
1152 2778 1535 2851 {equalitatem
1575 2778 1720 2833 inter
1744 2775 2063 2831 Romanum
2087 2775 2273 2830 Ponti-

350 2874 510 2930 ficem
566 2882 617 2931 et
666 2876 805 2932 alios
861 2878 1214 2933 Patriarchas
1264 2883 1557 2956 argueret.
1596 2877 1653 2930 ld
1699 2876 1979 2950 siquidem
2029 2876 2279 2932 innuunt

350 2974 518 3030 verba
545 2976 682 3044 haec,
707 2977 954 3048 quoniam
980 2977 1189 3048 quidem
1215 2986 1265 3032 et
1284 2977 1543 3049 Episcopo
1571 2976 1812 3031 Romano
1831 2976 2025 3047 parilis
2047 2993 2158 3030 mos
2181 2987 2275 3033 est.

346 3108 423 3115 —
451 3074 764 3149 Respondet
786 3074 980 3130 Binius
1012 3097 1022 3129 ε
1059 3095 1086 3127 «
1113 3075 1236 3131 Ilaec
1260 3075 1427 3131 verba
1464 3079 1728 3148 corrupta
1756 3077 1911 3142 sunt,
1941 3091 2004 3128 ac
2035 3073 2274 3148 proinde

347 3175 673 3248 corrigenda
701 3174 781 3229 sic
803 3195 812 3227 :
838 3173 1103 3242 Quoniam
1128 3175 1251 3230 talis
1278 3174 1536 3247 Episcopo
1566 3173 1806 3229 Romano
1835 3159 2153 3228 cousuetudo
2178 3179 2271 3229 est.

346 3273 425 3329 lta
457 3273 758 3346 legendum
790 3291 936 3343 esse,
967 3290 1146 3329 canon
1174 3278 1399 3342 sext11S,
1438 3289 1605 3345 quem
1639 3289 1703 3326 ex
1729 3271 1996 3327 Romanae
2023 3270 2276 3326 Ecclesia}

346 3374 571 3431 scriniis
616 3374 1015 3442 Paschasinus‚
1060 3372 1210 3429 Beati
1251 3372 1497 3428 Leonisl
1535 3371 1769 3445 Legatus
1794 3415 1807 3441 ,
1855 3371 1923 3426 ad
1968 3371 2270 3426 concilium

346 3473 787 3532 Calchedonense
819 3472 1043 3541 attulit,
1076 3477 1279 3548 ‘aperte
1322 3471 1531 3528 indicat
1563 3493 1590 3525 »
1638 3469 1814 3548 (apud
1851 3468 2064 3535 Labbc‚
2123 3473 2163 3523 t.
2193 3467 2234 3523 Π
2256 3513 2271 3541 ‚

349 3573 454 3627 col.
491 3574 607 3647 75).

424 3670 579 3726 Nom.
631 3707 706 3714 —
755 3674 876 3729 Jam
915 3675 974 3729 in
1010 3678 1255 3730 tractatu
1302 3673 1366 3729 de
1395 3673 1654 3746 Episcopo
1697 3671 1878 3744 (parte
1906 3668 1991 3737 lv,
2040 3674 2177 3726 sect.
2226 3666 2273 3732 Ι,

347 3785 395 3821 e.
427 3751 468 3834 1.
495 3769 519 3838 ἓ
546 3768 600 3839 2,
632 3788 788 3845 prop.
814 3773 933 3847 2‚t.
962 3770 1006 3838 l,
1029 3789 1087 3842 p.
1120 3768 1252 3836 404)
1285 3769 1411 3825 fuse
1436 3769 1656 3825 dictum
1678 3767 1965 3822 Nicaenum
1995 3784 2266 3822 canonem
