2410 4114
1044 213 1173 260 PARS
1203 212 1372 260 PRIMA.
2139 217 2164 264 7

264 319 464 388 potest.
499 315 635 374 Hinc
671 319 855 393 quoad
883 319 1225 377 dirimendas
1262 318 1389 377 fidei
1418 318 1757 393 quaestiones
1778 325 1832 378 et
1866 319 2158 396 imponen-

262 412 390 468 dam
418 415 680 472 credendi
705 417 905 492 legem,
920 417 1329 491 jurisdictionis
1348 417 1625 493 primatus
1645 435 1744 476 seu
1767 435 2032 494 suprema
2058 436 2155 494 po-

261 515 431 567 testas
464 530 634 586 penes
659 514 1061 590 Episcoporum
1079 513 1392 586 ,collegium
1421 514 1651 586 residet,
1673 532 1787 571 non
1819 514 1887 571 in·
1902 514 2152 572 Romano

256 607 538 667 Pontifice.
570 611 635 668 Et
660 611 741 668 sic
758 610 1104 667 Gallicanum
1132 615 1379 685 systema
1396 610 1808 683 jurisdictionis
1842 613 2148 687 primatum

255 703 502 762 Romano
529 706 778 762 Pontifici
816 725 928 764 non
968 705 1225 764 concedit
1258 705 1567 779 integrum,
1601 707 1699 763 sed
1736 709 2015 784 praecipua
2063 709 2149 765 sui

255 806 413 874 parte
447 807 803 871 truncatum;
854 822 984 862 cum
1019 803 1128 880 ipsi
1174 803 1408 877 deneget
1441 803 1763 876 regulandae
1804 804 1934 861 fidei
1968 812 2151 880 potes-

253 886 447 955 tatem.

330 996 537 1054 Tertius
575 1016 731 1056 error
766 999 825 1055 in
858 1017 922 1056 eo
957 1005 1061 1070 est,
1102 999 1251 1073 quod
1282 998 1594 1055 Primatum
1628 996 2044 1071 jurisdictionis
2076 999 2143 1053 ad

248 1110 367 1149 rem
390 1095 755 1170 temporalem
777 1097 1109 1154 societatum
1140 1096 1391 1153 civilium
1417 1095 1737 1152 nullatenus
1762 1094 1983 1151 extendi
2011 1112 2142 1150 con-

246 1191 495 1248 tendant.
540 1193 616 1249 Ex
662 1211 772 1268 quo
813 1195 1073 1268 sequitur
1111 1213 1283 1270 penes
1314 1194 1628 1250 Romanum
1665 1192 1988 1249 Pontificem
2032 1210 2142 1248 non

245 1290 488 1348 residere
512 1298 840 1366 potestatem
864 1311 926 1350 ea
952 1293 1284 1369 prohibendi
1314 1298 1367 1349 et
1398 1291 1717 1349 efficacibus
1740 1290 1941 1348 mediis
1965 1291 2141 1366 impe-

242 1387 450 1462 diendi,
485 1410 607 1465 quae
645 1391 704 1447 in
733 1392 990 1449 civilibus
1030 1392 1481 1449 Christianorum
1524 1390 1888 1448 societatibus
1920 1397 2143 1447 aeternae

241 1486 558 1543 animarum
603 1490 771 1547 saluti
821 1498 874 1547 et
927 1491 1058 1546 fidei
1102 1489 1478 1546 incolumitati
1526 1488 1911 1543 adversantur.
1963 1487 2137 1550 Quam

239 1586 575 1658 caeteroquin
596 1593 930 1660 potestatem
958 1587 1066 1660 ipsi
1095 1586 1264 1642 etiam
1289 1584 1547 1642 Ecclesiae
1571 1583 1859 1640 collective
1897 1590 2136 1658 sumptae

199 1692 204 1699 ·
238 1681 581 1737 Gallicanum
616 1690 858 1759 systema
881 1683 1139 1754 denegat.

310 1776 539 1843 Quartus
564 1796 723 1835 error
753 1778 812 1834 in
839 1796 904 1835 eo
941 1785 1046 1851 est,
1092 1778 1243 1852 quod
1283 1777 1569 1832 Romanus
1617 1774 1867 1831 Pontifex
1917 1775 2136 1832 dicatur

233 1874 520 1949 subJectus
544 1875 874 1946 canonibus,
902 1875 960 1931 id
985 1881 1091 1946 est,
1131 1873 1440 1948 disciplinae
1480 1871 1699 1946 legibus
1727 1871 1794 1928 ab
1828 1871 2136 1928 universali

230 1969 470 2026 Ecclesia
496 1971 758 2045 receptis.
781 1971 959 2041 Unde,
988 1970 1171 2045 quoad
1190 1969 1466 2044 ejusmodi
1481 1986 1745 2038 eanoneS,
1765 1968 1974 2025 nedum
1991 1967 2134 2042 Papa

224 2056 640 2138 jurisdictionis
666 2067 973 2142 primatum
1002 2068 1220 2137 haheat,
1250 2074 1302 2124 et
1327 2066 1501 2140 possit
1531 2073 1799 2139 tanquam
1827 2082 2129 2140 supremus

225 2162 514 2237 legislator
535 2182 779 2222 canones
807 2165 934 2221 illos
958 2172 1178 2222 mutare
1205 2165 1296 2222 vel
1322 2182 1602 2235 revocare,
1634 2163 1834 2220 iisdem
1860 2171 2128 2238 tanquam

227 2259 456 2317 inferior
487 2262 812 2335 subjicitur;
851 2281 914 2319 ac
949 2281 1117 2338 supra
1152 2281 1211 2319 se
1250 2263 1415 2319 habet
1457 2261 1830 2336 superiorem,
1872 2260 2130 2317 videlicet

225 2358 524 2431 collegium
544 2360 965 2435 Episcoporum,
992 2380 1022 2417 a
1056 2380 1166 2435 quo
1192 2362 1343 2434 leges
1372 2360 1515 2431 istae,
1550 2360 1722 2415 invito
1748 2359 1912 2433 Papa,
1949 2359 2006 2415 in
2027 2377 2128 2415 suo

226 2454 423 2510 robore
448 2458 762 2514 conservari
787 2466 1052 2532 possunt3
1079 2459 1193 2515 imo
1219 2459 1294 2516 ita
1320 2465 1383 2514 ut
1422 2458 1541 2533 ipse
1567 2458 1710 2531 Papa
1734 2456 1816 2512 eis
1843 2457 2127 2530 subjaceat

223 2556 277 2605 et
303 2550 527 2608 obedire
555 2560 835 2611 teneatur.
868 2556 971 2620 Qui
998 2563 1236 2629 quartus
1262 2572 1421 2611 error
1465 2561 1733 2627 tanquam
1760 2552 2122 2609 corollarium

222 2663 252 2702 e
276 2648 459 2720 primo
495 2651 773 2724 sequitur.
801 2652 856 2708 Si
882 2653 1033 2709 enim
1058 2654 1200 2726 Papa
1225 2652 1459 2709 inferior
1496 2652 1568 2708 sit
1594 2651 1824 2707 relative
1849 2649 1917 2705 ad
1942 2651 2127 2706 Eccle-

222 2743 363 2799 siam
395 2747 678 2806 collective
709 2758 1014 2826 sumptam,
1047 2768 1403 2824 consequens
1427 2756 1593 2806 estut
1618 2748 1846 2804 obedire
1869 2755 2129 2804 teneatur

221 2842 532 2918 disciplinae
561 2847 781 2921 legibus
805 2850 873 2906 ab
894 2849 1139 2906 Ecclesia
1172 2849 1481 2906 universali
1511 2847 1743 2904 sancitis
1768 2865 1831 2903 ac
1851 2847 2117 2914 retentis;

221 2957 321 2996 nec
350 2943 526 3016 possit
556 2962 675 3016 eas,
700 2946 813 3002 nisi
842 2948 910 3004 de
936 2966 1214 3004 consensu
1245 2948 1661 3022 episcoporum,
1689 2946 2014 3000 immutare.

300 3037 369 3092 Ex
390 3041 685 3098 recensitis
709 3050 897 3099 autem
921 3044 1212 3102 erroribus
1246 3044 1341 3099 alii
1374 3045 1569 3118 plures
1598 3049 1867 3116 tanquam
1898 3059 2123 3098 consec-

214 3135 360 3191 taria
390 3140 704 3196 necessario
746 3141 1055 3200 dimanant.
1096 3142 1168 3197 Ex
1203 3160 1267 3199 eo
1299 3142 1467 3216 quod,
1499 3142 1655 3198 verbi
1689 3141 1890 3214 gratia,
1916 3140 2118 3194 Roma-

222 3247 327 3285 nus
355 3231 603 3289 Pontifex
625 3237 855 3295 relative
878 3238 948 3294 ad
971 3239 1272 3296 Ecclesiam
1293 3238 1584 3295 collective
1607 3243 1891 3309 sumptam
1911 3234 2120 3307 prima-

216 3333 338 3382 tum
376 3328 791 3400 jurisdictionis
848 3353 960 3391 non
1008 3337 1228 3405 habeat,
1284 3336 1400 3400 sed,
1433 3334 1669 3388 inferior
1721 3331 1815 3401 sit,
1867 3330 2122 3404 sequitur

221 3423 470 3496 legitime
509 3427 629 3482 dari
663 3429 1091 3503 appellationem
1138 3433 1206 3487 ab
1259 3432 1380 3505 ipso
1419 3430 1488 3486 ad
1518 3431 1773 3485 futurum
1812 3429 2116 3486 concilium

219 3521 643 3595 oecumenicum,
675 3542 738 3580 ac
764 3524 931 3580 etiam
955 3525 1023 3581 ad
1051 3526 1352 3582 Ecclesiam
1381 3525 1715 3600 dispersam.
1753 3525 1814 3582 Et
1840 3525 1944 3582 hoc
1984 3526 2108 3600 qui-

219 3617 344 3672 dem
379 3622 787 3678 consectarium
818 3622 1065 3678 hodierni
1093 3623 1353 3696 gallicani
1371 3629 1666 3698 respuunt,
1690 3625 1882 3699 utp'ote
1899 3623 2113 3698 pluries
