2372 4108
336 237 394 282 82
1007 223 1303 272 TRACTATUS
1333 224 1399 271 DE
1430 225 1576 273 PAPA.

335 349 523 400 textus
555 358 742 416 quem,
777 355 806 392 e
835 332 1058 390 scriniis
1101 331 1363 389 Ecclesiae
1393 332 1683 405 Romanae,
1730 336 1988 394 recitavit
2013 337 2248 395 Pascha-

335 442 516 510 sinuS,
537 434 773 494 Romani
811 430 1095 489 Pontificis
1130 430 1384 505 LegatuS.
1414 433 1607 500 Postea
1637 452 1769 491 vero
1805 436 2254 494 Archidiaconus

331 537 588 596 Ecclesiae
601 530 1238 608 Constantinopolitanae
1256 532 1504 589 codicem
1528 533 1806 605 exhibuit,
1823 551 1890 591 ex
1911 553 2023 609 quo
2044 536 2124 594 sic
2143 537 2255 601 dic·

332 644 422 693 tus
477 652 656 691 canon
706 633 977 690 recitatus
1016 635 1134 689 est:
1188 631 1432 706 Antiquae
1488 635 1888 691 consuetudines
1938 644 2151 694 teneant
2197 639 2253 692 in

328 733 578 809 AEyypw,
611 741 666 790 ut
689 733 1084 791 Alexandrinus
1114 735 1408 810 Episcopus
1444 735 1678 790 omnium
1697 733 1884 789 habeat
1911 742 2249 808 potestatem,

327 835 574 907 quoniam
594 841 641 889 et
669 832 904 889 Romano
935 834 1193 909 Episcopo
1226 836 1335 890 haec
1350 832 1672 889 consuetudo
1697 838 1793 888 est.
1831 830 2110 904 Similiter,
2139 838 2247 889 etc.

330 930 406 988 lbi
445 948 647 1006 nempe
678 930 832 987 deest
859 930 1012 988 istud
1039 932 1181 989 tanti
1207 930 1476 988 momenti
1501 928 1729 986 initium
1756 951 1765 983 ε
1813 930 2048 986 Ecclesia
2071 931 2254 986 Romae

329 1031 627 1086 omnimode
658 1031 878 1086 obtinuit
902 1033 1189 1105 primatum
1216 1053 1225 1085 :
1265 1029 1321 1086 ‘1⁷1
1342 1035 1576 1099 ἐκκλησίᾱ.
1608 1029 1803 1099 Ῥώμης
1831 1036 2032 1084 πάντοτε
2056 1034 2168 1101 ἔςχε
2198 1034 2257 1085 τὰ

329 1139 553 1204 πρωτεῖα,
590 1130 709 1185 Non
742 1129 940 1186 dicunt
971 1136 1091 1187 acta
1120 1149 1246 1206 quae
1279 1134 1611 1206 supersunt,
1647 1127 1785 1202 quid
1824 1128 1893 1184 dc
1926 1129 2034 1183 hoc
2064 1127 2255 1202 dispu-

331 1236 507 1286 tatum
526 1228 719 1285 fuerit.
752 1230 817 1284 At
835 1229 1000 1304 plane
1032 1236 1362 1306 supponunt
1385 1248 1487 1305 pro
1513 1228 1758 1302 genuino
1789 1227 2044 1301 agnitum
2079 1226 2256 1284 fuisse

330 1333 543 1384 textum
605 1327 664 1382 in
714 1345 826 1400 quo
891 1338 1011 1384 ante
1078 1331 1254 1385 onmia
1322 1331 1584 1403 primatus
1641 1335 1692 1384 et
1740 1329 1911 1382 honor
1962 1329 2257 1401 praecipuus

326 1426 576 1481 Romano
610 1426 880 1500 Episcopo
906 1427 1269 1495 adscribitur.
1302 1426 1388 1482 Sic
1417 1426 1567 1482 enim
1597 1427 1836 1481 habetur
1864 1446 1874 1478 ε
1913 1447 1939 1477 «
1963 1424 2254 1481 Gloriosis-

326 1522 454 1579 simi
477 1523 695 1596 judices
719 1524 1011 1581 dixerunt:
1044 1525 1117 1579 Ex
1147 1524 1234 1579 his
1259 1542 1385 1597 quie
1412 1528 1565 1596 gesta
1592 1529 1724 1578 sunt
1748 1528 1802 1578 et
1824 1523 1892 1578 ab
1913 1539 2256 1595 unoquoque

326 1622 596 1698 deposita,
620 1624 1046 1699 pei‘pemliinuS‚
1066 1632 1189 1679 autc
1207 1624 1606 1696 omniaquidcm
1618 1624 1913 1696 primatum
1931 1630 1978 1677 et
2001 1624 2255 1678 honorem

236 1734 255 1744 '
322 1724 670 1796 pra’cipuum,
689 1724 979 1778 secundum
1001 1733 1255 1795 canones,
1277 1721 1524 1795 antiquae
1540 1721 1729 1776 Romae
1747 1720 1843 1776 Dei
1863 1720 2254 1777 amantissimo
2293 1727 2297 1730 ’

324 1820 754 1895 Archiepiscopo
780 1821 1123 1877 conservari.
1179 1819 1265 1876 Ἐγ.
1295 1830 1386 1876 τῶν
1421 1828 1793 1894 πεπραγμένων,
1818 1824 1898 1876 καὶ
1930 1826 1986 1876 ἐν.
2006 1832 2092 1891 τῆς
2118 1827 2257 1878 ἑκάσ-

326 1945 404 1978 τευ
433 1926 753 1988 καταθέσεως,
784 1929 1070 1993 συνορῶμεν,
1095 1925 1184 1993 τρὶ
1208 1926 1393 1976 πάντων
1420 1924 1505 1989 μὲν
1528 1923 1586 1974 τὰ
1612 1905 1819 1991 πρωτεῖά
1843 1923 1925 1974 καὶ
1946 1925 2030 1990 τὴν
2065 1921 2251 1991 ἐξαίρε-

324 2044 402 2077 τον
427 2026 584 2091 τιμὴν,
610 2027 733 2076 καίτοι
761 2026 867 2085 τεὺς
895 2025 1119 2089 maium,
1149 2044 1215 2092 τῳ
1240 2032 1325 2089 τῆς
1352 2024 1653 2093 apicib-„2303
1686 2017 1877 2088 Ῥώμης
1902 2025 2252 2092 Οεοφῑλεστᾱὶτῳ

330 2124 689 2191 αρχῑεπῖσνώπῳ
763 2123 1097 2191 φυλάττεσθαι.
1143 2139 1168 2168 »
1241 2115 1636 2189 (KCOI'lciliOI‘um
1694 2115 1877 2171 Labhe
1960 2121 2111 2171 {omo
2166 2115 2250 2184 lV,

329 2216 434 2273 col.
474 2216 605 2286 818,
645 2216 778 2273 edit.
808 2216 1061 2285 Parisiis7
1096 2216 1289 2287 1671.)

407 2316 667 2372 Secundo.
691 2348 761 2357 --
783 2316 989 2371 'sextus
1011 2334 1075 2371 cx
1096 2313 1400 2371 ordinariis
1418 2312 1623 2371 Nicaeni
1645 2312 1868 2370 concilii
1889 2312 2251 2370 editionibus,

331 2448 398 2457 —-
432 2438 458 2470 ι(
494 2415 722 2490 Antiqui
749 2435 936 2472 mores
968 2422 1292 2485 serventur,
1338 2415 1439 2489 qui·
1461 2421 1594 2472 sunt
1622 2414 1678 2470 in
1705 2404 1962 2490 AEgyplo,
2007 2414 2175 2489 Libya
2206 2421 2259 2471 ct

327 2515 643 2590 Pentapoli,
672 2521 735 2571 ut
758 2515 1175 2572 Alexandrinus
1197 2515 1507 2591 Episcopus
1531 2516 1735 2570 horum
1778 2513 2036 2570 omnium
2059 2514 2258 2570 habeat

330 2620 660 2690 potestatem
681 2658 695 2686 ,
731 2614 1194 2688 quandoquidem
1224 2621 1276 2670 et
1302 2614 1573 2690 Episcopo
1597 2614 1851 2670 Romano
1882 2614 1988 2668 hoc
2021 2618 2103 2668 est
2125 2631 2258 2669 con-

293 2753 296 2757 .
332 2719 579 2771 suctum.
630 2714 900 2771 Similiter
948 2719 999 2770 ct
1043 2714 1100 2769 in
1138 2713 1506 2770 Antiochia...
1542 2736 1567 2766 »
1627 2712 2034 2786 (Conciliorum
2080 2711 2261 2766 Labbc

334 2818 485 2868 tomo
513 2815 586 2884 ll,
616 2816 723 2870 col.
750 2815 847 2886 51,
876 2815 1011 2871 edit.
1037 2814 1267 2871 Parisiis
1296 2813 1495 2886 1671.)

418 2909 612 2966 Tertio.
665 2943 742 2952 —-
784 2913 987 2968 Textus
1037 2931 1102 2968 ex
1150 2911 1616 2986 interpretatione
1659 2910 1901 2986 Dionysii
1940 2908 2158 2984 Exigui.
2188 2939 2264 2949 —-

255 3026 271 3033 ’·
339 3032 366 3062 «
399 3009 717 3084 Antiqua...
762 3009 895 3084 quia
923 3016 975 3067 et
1002 3011 1164 3066 urbis
1186 3011 1376 3067 Romae
1396 3010 1666 3085 Episcopo
1692 3009 1886 3085 parilis
1908 3027 2031 3065 mos
2053 3014 2205 3065 est...
2234 3030 2261 3061 »

338 3107 527 3183 (ima,
558 3109 666 3165 001.
702 3109 818 3182 40).
902 3096 905 3097 *
2131 3166 2135 3170 ,

413 3209 637 3277 Quarto.
661 3241 730 3250 —
751 3208 953 3265 Textus
981 3226 1046 3266 ex
1073 3206 1298 3266 RufinO.
1331 3240 1398 3249 —-
1435 3229 1463 3261 «
1491 3208 1554 3264 Et
1579 3213 1639 3264 ut
1668 3206 1817 3284 apud
1844 3205 2260 3276 Alexandriam,

337 3311 391 3362 ct
418 3306 475 3361 in
507 3307 649 3363 urbe
678 3307 888 3378 Roma,
936 3314 1152 3388 vetusta
1199 3307 1549 3364 consuetudo
1599 3312 1890 3378 servetur,
1933 3312 1996 3362 ut
2039 3305 2125 3362 vel
2173 3305 2266 3361 ille

338 3406 580 3482 AEgypti‚
626 3407 711 3464 vel
734 3407 825 3464 hic
847 3407 1381 3464 suburbicariarum
1413 3406 1795 3464 Ecclesiarum
1824 3404 2264 3463 sollicitudinem

341 3511 552 3576 gerat»
599 3507 855 3582 (Historia
881 3509 1092 3579 eccles.‚
1147 3508 1280 3565 libri
1320 3507 1494 3584 primi
1533 3509 1714 3584 capite
1743 3525 1822 3575 vl,
1861 3505 1921 3560 in
1950 3504 2266 3576 Patroloyia

341 3598 554 3673 Migne‚
582 3610 734 3661 tomo
760 3606 899 3677 XXI,
933 3607 1040 3664 col.
1067 3607 1225 3681 475).
1253 3607 1356 3664 Pro
1383 3625 1515 3664 voce
1541 3604 2043 3674 suburbicariarum,
2076 3602 2266 3677 plures

345 3698 563 3781 codices
584 3703 789 3763 habent
818 3707 1244 3763 suburbicarum.
