2320 4010
0 24 171 193 β

865 231 995 277 PARS
1025 230 1263 278 SECUNDA.
1434 234 1441 239 '
1921 227 2005 276 571

123 470 150 522 g
177 469 213 509 1.
234 491 286 499 —
303 467 407 516 Quid
425 468 645 520 contigerit
661 468 873 510 occasione
890 464 1034 519 thesis,
1052 469 1118 510 die
1136 449 1569 526 124decembris1661,
1588 467 1758 509 Parisiis
1775 467 2014 519 incollegio

263 537 430 578 Pati-um
456 537 659 578 societatis
680 537 796 589 Jesu,
817 536 928 589 quod
951 536 1315 578 Claromontanum
1338 538 1553 587 vocabant,
1579 541 1866 588 propugnatae.

200 692 371 747 Verba
396 691 571 747 thesis
597 694 713 748 haec
739 699 894 748 erant
921 715 932 747 :
967 715 994 746 «
1018 693 1301 748 Christum
1336 711 1438 748 nos
1469 693 1543 748 ita
1570 698 1736 766 caput
1759 692 2015 748 Ecclesiae

126 808 154 840 «
182 787 557 859 agnoscimuS‚
580 794 643 843 ut
665 787 819 843 illius
852 788 1101 860 regimen
1127 789 1261 844 dum
1294 789 1351 842 in
1384 789 1552 844 coelos
1579 788 1735 857 abiit,
1765 788 2013 861 primum

126 905 154 936 α
181 885 357 955 Petro,
402 890 520 939 tum
573 883 770 938 deinde
810 885 1232 940 successoribus
1276 885 1644 951 commiserit,
1684 890 1737 938 et
1784 887 2019 939 eamdem

124 1001 154 1031 «
181 998 349 1051 quam
395 981 631 1034 habebat
663 979 780 1051 ipse
809 979 1267 1034 infallibilitatem
1301 980 1662 1047 concesserit,
1700 979 1916 1050 quoties
1952 997 2016 1033 ex

124 1097 154 1126 «
184 1076 444 1131 cathedra
473 1075 855 1147 loquerentur.
885 1074 1056 1130 Datur
1081 1093 1210 1147 ergo
1241 1076 1300 1129 in
1327 1075 1569 1130 Ecclesia
1603 1075 1850 1129 Romana
1885 1093 2018 1130 con-

122 1193 151 1224 «
177 1171 575 1227 troversiarum
603 1170 730 1227 fidei
750 1171 922 1243 judex
959 1171 1295 1239 infallibilis,
1325 1173 1495 1228 etiam
1531 1177 1683 1228 extra
1709 1172 2016 1227 concilium

128 1291 153 1321 «
184 1269 460 1340 generale,
491 1273 611 1322 tum
650 1268 708 1322 in
753 1268 1155 1340 quaestionibus
1187 1270 1356 1342 juriS,
1400 1276 1521 1324 tum
1569 1268 1721 1323 facti.
1757 1290 1782 1319 )>
1823 1269 2020 1342 Perpe-

122 1383 243 1419 ram
287 1382 418 1419 sane
461 1364 708 1437 apposita
761 1363 866 1418 suit
914 1365 1191 1436 aequivoca
1247 1365 1341 1420 illa
1398 1384 1495 1420 vox
1544 1366 1799 1432 eamdem,
1843 1383 1946 1420 nec
1990 1384 2020 1420 a

121 1461 437 1516 studiorum
491 1461 746 1534 praefecto
800 1462 1047 1534 permitti
1096 1462 1404 1527 debuisset;
1458 1461 1757 1534 multiplici
1813 1461 2021 1536 quippe

121 1573 292 1610 sensu
328 1574 357 1609 a
387 1555 619 1610 Romani
643 1555 922 1610 Pontificis
963 1555 1362 1612 infallibilitate
1403 1556 1619 1612 diversa
1667 1557 1774 1611 fuit
1815 1557 2020 1612 Christi

121 1650 332 1705 Domini
362 1651 758 1707 infallibilitas.
805 1652 880 1705 Ex
907 1669 967 1707 ea
995 1671 1158 1725 porro
1191 1653 1534 1708 Jesuitarum
1572 1652 1788 1708 incuria
1818 1671 1879 1707 ac
1914 1653 2017 1707 im-

119 1750 439 1822 prudentia,
469 1750 810 1805 immensum
836 1751 1147 1805 tumultum
1175 1751 1448 1807 excitandi
1476 1770 1671 1806 ansam
1692 1751 2018 1823 jansenistae

121 1846 430 1919 arripuere.
460 1847 613 1908 Quod
649 1847 730 1901 sic
772 1853 1071 1902 enarratur
1112 1847 1169 1901 in
1197 1865 1363 1919 opere
1396 1848 1669 1903 Me'moires
1711 1850 1780 1902 clu
1821 1849 1883 1903 P.
1914 1849 2019 1903 Ra-

114 1944 207 2012 pite
237 1942 299 1996 (Ie
325 1943 375 1995 Ia
406 1943 719 2015 Compaynie
745 1944 807 1998 de
832 1943 1011 2011 stns,
1048 1942 1191 1998 libro
1220 1944 1356 1996 ΧἮ1
1392 1963 1402 1994 :

200 2059 226 2088 «
255 2039 511 2093 Bourseis
547 2039 773 2111 (Fabbe)
800 2039 991 2094 aimait
1017 2039 1069 2093 la
1095 2057 1234 2093 cour
1256 2045 1309 2094 et
1340 2040 1420 2112 s’y
1452 2038 1721 2094 montrait
1746 2038 1812 2093 de
1838 2044 2019 2112 temps

123 2151 192 2188 en
218 2141 396 2207 temps
421 2153 548 2190 sans
574 2155 606 2209 y
629 2135 782 2191 avoir
805 2135 1090 2191 d'affaires
1116 2142 1169 2190 et
1197 2153 1328 2190 sans
1356 2135 1564 2202 raison,
1599 2153 1742 2208 pour
1767 2136 1844 2208 s’y
1869 2135 2018 2189 four-

125 2247 286 2283 rer...
327 2230 391 2284 Le
420 2231 501 2284 roi
544 2232 814 2285 demanda
849 2235 877 2286 a
911 2233 964 2286 la
1007 2233 1336 2286 reine-mere
1373 2232 1420 2285 si
1456 2232 1636 2285 l’abbe
1671 2232 1738 2286 de
1761 2231 2018 2288 Bourseis

129 2324 317 2377 n’etait
355 2343 451 2396 pas
487 2325 807 2395 janseniste.
843 2328 884 2378 A
919 2326 1051 2396 quoi
1088 2326 1138 2378 la
1175 2325 1328 2379 reine
1357 2325 1636 2396 repondit,
1680 2325 1816 2397 qu’il
1847 2326 2019 2380 l’etait

130 2418 224 2474 des
263 2419 389 2493 plus
430 2420 696 2475 declares.
737 2423 867 2475 D'ou
901 2422 1051 2476 vient
1079 2422 1243 2489 donc,
1277 2422 1356 2476 dit
1390 2423 1439 2476 le
1473 2421 1575 2491 roi,
1621 2423 1791 2493 qu'on
1817 2423 1867 2477 le
1896 2441 2021 2495 pro-

129 2517 249 2572 duit
299 2516 405 2572 ici?
446 2518 511 2573 Le
544 2519 599 2572 P.
639 2519 818 2573 Annat
861 2519 911 2573 10
948 2520 1003 2573 fit
1055 2519 1258 2574 avertir
1301 2520 1367 2574 de
1414 2538 1476 2574 ce
1528 2538 1635 2590 que
1679 2520 1729 2573 10
1762 2520 1846 2574 roi
1887 2526 1939 2575 et
1967 2521 2020 2575 10

127 2613 282 2667 reinc
312 2613 522 2668 avaient
558 2614 658 2669 dit.
692 2614 887 2670 L’abbe
913 2615 1027 2670 vint
1067 2615 1116 2670 10
1144 2621 1367 2670 trouver
1402 2633 1543 2688 pour
1571 2614 1753 2670 savoir
1781 2633 1841 2670 00
1880 2615 2021 2686 qu’il

129 2711 272 2765 avait
301 2714 330 2765 a
361 2712 496 2766 faire
535 2704 632 2766 s'ur
657 2713 792 2783 cela,
822 2720 1127 2786 protestant
1173 2714 1380 2768 n'avoir
1411 2731 1630 2768 aucune
1656 2714 1872 2769 attache
1911 2715 1941 2767 a
1967 2713 2019 2768 10

129 2807 396 2862 doctrine.
434 2808 476 2861 ll
508 2808 647 2878 faut,
696 2810 778 2864 dit
826 2810 876 2865 10
917 2811 1073 2880 Pero,
1120 2810 1307 2882 signer
1339 2811 1387 2865 10
1432 2810 1778 2866 formulaire.
1820 2811 2017 2865 Volon-

127 2903 285 2972 tici-S,
329 2904 586 2977 repondit
624 2910 708 2960 cet
743 2906 900 2961 abbe.
947 2905 1012 2961 Ce
1053 2907 1190 2978 qu'il
1231 2908 1289 2961 fit
1339 2925 1445 2980 peu
1479 2909 1640 2981 apres
1682 2924 1809 2961 avec
1848 2907 2012 2962 celat.

130 2999 278 3052 Cette
303 2999 482 3053 action
515 3000 647 3054 d’un
681 3001 842 3056 vieux
876 3003 1108 3058 docteur
1142 3003 1208 3057 de
1234 3003 1517 3058 Sorbonne
1543 3003 1681 3057 dans
1716 3019 1826 3055 une
1852 3005 2018 3073 repu-

131 3093 303 3147 tation
363 3094 429 3147 dc
481 3102 692 3164 savant,
744 3106 909 3171 parut
950 3100 1094 3155 belle
1138 3103 1167 3154 a
1207 3117 1267 3155 00
1315 3100 1566 3160 ministre
1609 3098 1932 3167 (colhem...
1977 3098 2019 3151 ll

132 3193 254 3242 erut
293 3188 344 3241 10
384 3188 678 3244 demarcho
724 3191 792 3247 de
830 3193 1006 3247 l'abbe
1048 3193 1290 3257 sinccre3
1344 3193 1487 3247 mais
1534 3192 1571 3244 il
1620 3194 1779 3246 vecut
1822 3191 2018 3265 depuis

134 3285 300 3340 d’unc
334 3285 582 3342 muniere
624 3287 720 3358 qui
751 3307 818 3343 cn
853 3291 912 3343 fit
953 3291 1151 3344 doutcr
1189 3291 1239 3343 lc
1270 3289 1480 3362 public.
1514 3288 1826 3344 L'occasion
1865 3289 1930 3345 de
1961 3307 2018 3345 se

188 3494 243 3544 (1)
276 3495 417 3535 Adhuc
450 3495 653 3536 ineditum
687 3496 791 3536 illud
822 3508 938 3548 opus,
970 3509 1080 3537 nunc
1116 3496 1300 3548 primum
1333 3497 1439 3548 typis
1463 3497 1687 3537 mandatur
1711 3497 1882 3538 Parisiis
1904 3497 2014 3549 apud

133 3563 286 3602 Gaume
318 3568 358 3601 ot
389 3562 516 3602 socios
546 3562 798 3614 bibliopolas.
835 3563 911 3604 'Nos
937 3576 959 3604 e
983 3565 1263 3614 manuscripto
1295 3564 1508 3605 citationes
1538 3565 1815 3615 desumimus,
1849 3570 1889 3605 et
1920 3565 2012 3606 ide-o

133 3630 324 3682 paginam
348 3642 428 3670 non
451 3630 680 3682 signamus.
