2372 4108
321 225 379 271 52
998 215 1290 264 TRACTATUS
1322 214 1386 260 DE
1419 215 1560 262 PAPA.

321 335 586 387 contextu
612 323 1031 385 evidentissime
1057 321 1372 396 patet.Vult,
1399 320 1552 376 enim
1577 321 1831 380 Christus
1857 343 1958 399 pro
1981 326 2234 383 confessa

322 429 503 506 ipsius
534 426 826 483 divinitate
849 424 1008 478 Petro
1037 419 1254 494 aliquid
1291 419 1511 494 praemii
1538 419 1768 477 donare.
1796 421 1995 479 Statim
2027 425 2239 500 quippe

322 534 448 604 post
479 526 648 582 verba
688 522 857 592 Petri,
889 531 944 577 tu
975 540 1029 576 63
1062 520 1302 578 Christus
1333 520 1474 592 filius
1508 519 1606 575 Dei
1642 520 1766 590 vivi,
1802 522 2026 596 reponit
2055 523 2237 581 Chris-

321 635 413 683 tus
440 647 453 680 :
485 624 683 679 Beatus
715 641 869 686 03...;
899 629 948 677 et
980 639 1072 693 eqo
1100 616 1337 676 11100*ῑὶὸὶ
1367 641 1382 671 .·
1410 619 1485 675 Ta
1523 637 1576 674 63
1596 620 1808 688 Petrae,
1834 628 1884 675 et
1917 639 2078 694 super
2102 625 2239 679 hanc

320 731 528 797 petram
558 721 831 792 :edificabo
871 719 1164 774 Ecclesiam
1200 736 1392 773 meam.
1428 716 1545 772 Nisi
1583 718 1749 773 verba
1795 736 1955 790 saper
1988 720 2127 775 hanc
2146 739 2239 793 pe-

324 831 462 878 tram
501 818 867 892 intelligenda
910 818 1094 874 forent
1122 817 1190 872 de
1215 817 1398 885 Petro,
1428 815 1654 871 nullum
1685 816 1985 889 praemium
2019 818 2238 874 confer-

321 926 503 984 retur,
538 925 589 974 et
626 916 831 973 Christi
870 934 1055 972 sermo
1094 916 1321 990 ineptus
1356 919 1406 969 et
1459 913 1687 970 nonnisi
1729 914 1799 968 ad
1839 914 2238 988 decipiendum

322 1020 547 1075 Petrum
571 1017 829 1093 prolatus
871 1015 1145 1071 dicendus
1175 1015 1344 1082 foret;
1381 1047 1458 1054 —
1483 1016 1537 1070 5⁰
1563 1031 1876 1088 pronomen
1909 1014 2045 1069 hanc
2072 1032 2137 1070 ex
2163 1014 2240 1070 le·

320 1118 486 1190 gibus
512 1115 900 1191 grammaticis
928 1114 996 1170 ad
1035 1114 1351 1188 subjectum
1378 1112 1584 1169 ultimo
1612 1111 1733 1168 loco
1765 1112 2127 1168 enuntiatum
2154 1130 2240 1168 re-

320 1217 454 1272 ferri
483 1216 645 1272 debet
671 1240 680 1282 3
721 1233 824 1271 nec
850 1214 962 1270 nisi
990 1214 1201 1270 absone
1226 1213 1534 1270 referretur
1563 1210 1632 1266 ad
1669 1212 1987 1285 subjectum
2032 1211 2099 1268 de
2129 1230 2240 1284 quo

320 1314 475 1369 nulla
505 1313 790 1388 praecessit
833 1312 1065 1369 mentio.
1093 1312 1230 1384 Ergo
1265 1311 1355 1366 1110
1384 1310 1702 1367 necessario
1742 1310 1811 1365 ad
1844 1311 2072 1366 Petrum
2101 1310 2240 1366 refe-

319 1413 560 1467 rendum
585 1419 668 1468 est
695 1436 704 1477 3
730 1445 801 1453 —
823 1414 880 1468 4⁰
911 1429 1040 1466 cum
1067 1416 1230 1466 antea
1255 1410 1511 1466 Christus
1536 1411 1722 1482 solum
1744 1411 1971 1466 Petrum
1997 1410 2244 1482 alloqua-

319 1514 435 1579 tur,
466 1509 512 1563 si
542 1509 734 1564 statim
763 1526 862 1581 per
887 1526 1082 1587 vocem
1111 1510 1247 1562 hanc
1278 1507 1347 1562 ad
1374 1507 1544 1561 aliam
1569 1526 1899 1580 personam,
1929 1513 1981 1562 et
2009 1526 2245 1582 praeser·

322 1608 425 1663 tim
473 1606 541 1663 ad
584 1606 858 1680 seipsum,
913 1623 1234 1660 sermonem
1284 1611 1653 1675 converteret,
1711 1605 1977 1661 allocutio
2027 1625 2142 1682 prae
2186 1627 2243 1664 se

324 1706 492 1762 terret
532 1711 786 1778 apertam
830 1703 1093 1758 amentiae
1122 1707 1349 1769 nota1n3
1382 1734 1450 1740 —-
1483 1701 1538 1755 5⁰
1567 1719 1737 1774 supra
1783 1687 1988 1758 citatus
2029 1723 2058 1760 e
2095 1710 2243 1760 secta

325 1802 762 1876 protestantium
800 1800 1061 1874 scriptor,
1088 1800 1328 1854 Joannes
1372 1798 1624 1868 Camer0‚
1655 1798 1865 1854 fatetur
1902 1801 2242 1874 particulam

269 1902 276 1907 ”
326 1905 406 1955 καὶ
435 1899 665 1955 0111111110
703 1899 794 1953 hic
829 1897 1215 1972 accipiendam
1245 1915 1364 1953 esse
1393 1897 1449 1951 in
1486 1915 1654 1952 sensu
1688 1898 2030 1972 copulativ0,
2061 1900 2117 1956 id
2138 1908 2241 1974 est,

328 2017 428 2074 pro
458 2008 530 2068 et,
563 2017 675 2053 non
701 2017 802 2072 pro
833 1998 946 2052 sed.

407 2097 636 2169 ObJ'ectio
673 2096 746 2150 2³.
784 2129 851 2137 —
880 2095 1114 2151 Sanctus
1157 2095 1502 2168 Augustinus
1533 2113 1693 2150 voces
1730 2095 1885 2165 istaS,
1918 2116 2078 2172 saper
2115 2100 2246 2154 hanc

326 2205 554 2271 petram,
598 2195 999 2270 interpretatus
1049 2200 1127 2249 est
1175 2194 1241 2249 de
1276 2194 1493 2248 Christo
1538 2194 1679 2268 ipso.
1719 2194 1808 2250 Sic
1839 2213 2042 2270 nempe
2079 2198 2247 2253 habet

332 2297 598 2367 (tractatu
630 2295 738 2350 125
767 2294 824 2349 in
853 2295 1148 2365 Joalmem)
1174 2315 1194 2373 ,²
1230 2293 1403 2366 Super
1437 2294 1571 2348 hanc
1591 2303 1822 2366 petram,
1854 2313 2010 2367 qaam
2045 2297 2249 2368 confes-

329 2412 416 2448 3113
443 2412 519 2462 63,
549 2394 820 2464 aedificabo
847 2390 1139 2447 Ecclesiam
1166 2410 1357 2446 meam.

407 2490 739 2564 Respomleo.
765 2522 838 2529 —-
872 2490 927 2544 1⁰
963 2489 1110 2544 Licet.
1153 2490 1254 2544 1100
1290 2489 1410 2544 1000
1445 2496 1671 2545 sanctus
1709 2489 1902 2544 doctor
1932 2508 2092 2546 voces
2120 2492 2251 2547 ham·

326 2595 538 2661 petram
563 2587 965 2661 interpretatus
996 2587 1067 2642 sit
1104 2587 1170 2640 de
1205 2586 1443 2655 Christo,
1465 2586 1523 2641 in
1549 2586 1674 2641 aliis
1702 2592 1893 2641 tamen
1913 2588 2138 2643 easdem
2171 2589 2251 2644 in-

331 2690 672 2758 terpretatus
703 2691 785 2740 est
823 2684 890 2740 de
928 2684 1178 2758 apostolo
1209 2683 1388 2739 Petro,
1423 2683 1531 2753 Sic,
1560 2684 1713 2740 verbi
1752 2684 1952 2756 gratia,
1986 2685 2151 2741 habet
2189 2686 2245 2741 in

332 2781 616 2854 psalmum
643 2783 713 2837 69
754 2803 762 2834 :
811 2804 837 2834 «
880 2783 1096 2851 Petrus,
1132 2783 1226 2855 qui
1261 2783 1432 2858 paulo
1469 2790 1597 2839 ante
1629 2800 1758 2837 eum
1807 2782 2094 2838 consessus
2130 2791 2247 2840 erat

334 2878 515 2934 filium
542 2879 656 2948 Dei,
696 2887 747 2935 et
786 2881 843 2933 in
877 2880 972 2950 illa
1015 2881 1360 2936 confessione
1400 2881 1712 2955 appellatus
1749 2888 1867 2937 erat
1892 2881 2055 2937 Petra
2088 2901 2248 2956 supra

334 2995 491 3050 qaam
531 2979 890 3049 fabricaretur
920 2977 1173 3032 Ecclesia.
1208 3000 1235 3031 »
1270 2978 1429 3041 Quod
1476 2980 1822 3052 caeteroquin
1858 2980 2096 3054 ipsemet
2140 2986 2250 3035 tes-

331 3081 485 3131 tatur
517 3074 725 3148 (librol
760 3071 1265 3146 Retractationum,
1301 3094 1424 3150 cap.
1452 3075 1557 3147 xx1)
1604 3077 1691 3131 his
1728 3077 1951 3133 verbis:
1983 3098 2010 3130 «
2040 3077 2158 3132 Dixi
2192 3078 2249 3133 in

333 3173 578 3245 quodam
605 3172 726 3228 1000
753 3172 820 3227 (10
847 3173 1096 3247 apostolo
1126 3174 1306 3242 Petro,
1331 3174 1482 3246 quod
1507 3173 1565 3228 in
1591 3174 1687 3230 illo
1706 3182 1979 3248 tanquam
2007 3175 2065 3230 in
2092 3176 2249 3231 Petra

331 3270 565 3327 fundata
593 3271 665 3326 sit
694 3271 956 3327 Ecclesia.
993 3293 1021 3324 »
1047 3270 1321 3343 Equidem
1351 3271 1528 3343 addit,
1551 3290 1608 3328 se
1634 3280 1826 3347 postea
1850 3273 2062 3348 pluries
2087 3276 2273 3329 voce'S.

334 3371 464 3425 hanc
487 3379 691 3444 petram
719 3370 1047 3445 exposuisse
1083 3370 1149 3426 de
1181 3370 1418 3427 Christo.
1449 3371 1551 3426 Sed
1589 3391 1700 3428 non
1733 3372 1858 3428 ideo
1893 3373 2128 3428 alteram
2165 3372 2252 3425 in-

336 3468 792 3541 terpretationem
821 3475 1175 3526 retractatae
1200 3469 1567 3527 deserendam
1594 3471 1945 3546 pronuntiat,
1967 3469 2248 3541 siquidem

337 3562 414 3617 ita
449 3567 733 3622 concludit
762 3590 773 3622 ε
803 3568 1005 3624 Harum
1042 3569 1269 3624 duarum
1305 3573 1715 3640 sententiarum,
1754 3586 1872 3640 quae
1900 3569 1972 3623 sit
2001 3571 2250 3641 probabi-

340 3659 461 3731 lior,
497 3664 651 3734 eliqat
669 3665 855 3722 lector.
885 3666 1021 3721 Cum
1056 3667 1231 3739 igitur
1251 3674 1558 3741 utramque
1586 3666 2109 3740 interpretationem
2137 3675 2250 3725 tra·
