2320 4010
815 188 938 235 rins
968 186 1207 253 secum.
1861 187 1949 232 5¹5

78 316 145 354 su
153 315 250 372 pra
276 298 447 371 Papas
469 300 647 351 certos
667 293 1077 368 superioritate‚
1095 309 1165 347 ne
1181 289 1481 346 minimum
1505 289 1732 363 quidem
1754 306 1951 347 occur·

80 395 234 452 rebat
269 394 518 449 verbum.
553 392 656 448 Sed
688 409 868 464 neque
892 408 956 446 ex
988 389 1136 445 sama
1172 387 1397 463 publica
1420 387 1740 462 praesentire
1762 393 1956 462 potue·

83 498 217 547 runt
247 490 493 564 Episcopi
532 506 627 564 per
673 477 1155 562 orbem·dispersi,
1187 486 1244 541 in
1283 485 1470 541 futura
1511 485 1720 559 synodo
1758 485 1959 542 delibe-

84 587 320 644 randum
351 593 404 642 et
424 585 801 645 definiendum
833 583 971 652 sore,
999 601 1135 639 num
1162 583 1301 657 Papa
1323 588 1511 638 certus
1537 582 1776 638 concilio
1805 600 1963 655 gene·

84 685 185 741 rali
215 684 602 757 subjiceretur.
646 683 786 755 Ergo
826 682 1011 754 quoad
1053 680 1193 735 tanti
1238 679 1508 735 momenti
1538 679 1848 748 decretum,
1891 680 1961 735 ad

83 789 380 856 praesentes
405 781 462 835 in
489 779 694 854 synodo
724 778 1128 851 Constantiensi
1152 777 1411 833 devoluta
1442 795 1559 832 non
1583 777 1686 832 suit
1718 784 1962 849 potestas

81 879 478 952 Episcoporum
519 875 857 941 absentium,
910 891 1055 945 quos
1099 873 1469 946 praesentibus
1497 873 1674 927 multo
1704 890 1965 928 numero·

83 975 258 1030 siores
303 973 473 1028 fuisse
511 976 773 1026 constat..
800 969 939 1041 Ergo
985 969 1267 1023 decretum
1311 967 1464 1022 istud
1512 986 1542 1021 a
1594 968 1964 1040 praesentibus

82 1067 288 1137 absque
334 1063 647 1120 necessaria
706 1063 774 1118 ad
823 1062 878 1118 id
930 1068 1199 1136 potestate
1251 1062 1429 1116 latum
1482 1066 1563 1117 est
1611 1082 1622 1113 ε
1671 1079 1801 1134 ergo
1843 1062 1967 1117 nul-

84 1162 232 1218 liter.

159 1258 263 1313 Nec
287 1264 439 1331 putet
470 1258 596 1329 quis
635 1257 849 1313 noviter
888 1263 988 1312 aut·
1018 1258 1202 1311 forsan
1232 1274 1261 1310 a
1294 1274 1383 1311 me
1409 1254 1658 1328 primum
1692 1255 1969 1327 excogita-

91 1362 205 1410 tam
248 1355 523 1428 ejusmodi
550 1356 1109 1427 argumentationem.
1134 1354 1320 1408 Totam
1357 1353 1775 1427 desumpsimus
1806 1371 1873 1408 ex
1896 1355 1970 1408 ci-

92 1458 204 1508 tato
228 1470 393 1526 opere
408 1452 710 1508 Cardinalis
730 1452 947 1520 Albani,
971 1451 1066 1524 qui
1083 1451 1198 1523 jam
1219 1458 1344 1506 ante
1370 1451 1667 1525 incoeptam
1695 1451 1970 1507 Tridenti-

94 1539 223 1603 nam
257 1549 527 1622 synodum
562 1549 668 1602 hoe
693 1547 839 1602 idem
867 1547 924 1601 in
953 1547 1119 1602 dictis
1165 1546 1680 1602 Constantiensihus
1721 1547 1961 1604 decretis
2028 1587 2030 1590 -

97 1646 371 1701 nullitatis
399 1646 594 1700 vitium
624 1645 699 1700 ita
731 1645 995 1716 urgebat:

173 1765 199 1795 «
231 1744 332 1798 Sed
383 1743 534 1798 aliud
587 1760 810 1815 quoque
853 1748 1244 1814 argumentum
1298 1742 1482 1797 afferri
1525 1749 1716 1798 contra
1766 1749 1966 1817 potest.

90 1840 226 1895 Nam
261 1840 474 1894 etiamsi
511 1846 685 1894 coetus
711 1839 1112 1912 Episcoporum
1157 1838 1437 1907 omnium,
1466 1856 1709 1909 quorum
1742 1858 1970 1912 congre-

89 1935 310 2007 gatione
339 1936 569 1989 concilia
592 1936 926 2002 consistunt,
958 1942 1016 1990 ut
1039 1935 1227 1990 statim
1257 1935 1596 2007 aperiemus,
1623 1936 1810 2009 ampla
1834 1955 1970 2007 quo-

88 2047 459 2102 rumcumque
491 2031 923 2103 judicandorum
966 2037 1237 2104 potestate
1280 2031 1661 2104 perfrueretur
1711 2031 1787 2104 (id
1821 2033 1968 2104 quod

85 2125 210 2199 jure
239 2127 447 2200 optimo
480 2135 740 2200 negatum
780 2133 908 2197 est),
944 2129 1045 2183 hoc
1075 2135 1261 2183 tamen
1302 2128 1502 2201 posite,
1542 2128 1971 2185 constitutiones

90 2221 202 2276 illae
221 2240 251 2275 a
275 2223 507 2277 coneilio
532 2223 935 2279 Constantiensi
967 2242 1029 2278 eo
1056 2225 1218 2278 modo
1247 2224 1469 2278 decerni
1503 2243 1613 2279 non
1636 2226 1969 2296 potuissent.

93 2316 654 2372 Animadvertendum
703 2320 850 2373 enim
901 2326 1009 2388 est,
1062 2326 1124 2374 ut
1167 2320 1475 2390 tetigimus,
1524 2321 1970 2391 jurisdictionem

95 2428 219 2482 quae
244 2411 311 2465 ad
340 2412 638 2466 concilium
673 2420 904 2486 spectat,
937 2415 1003 2467 ad
1038 2414 1458 2469 universitatem
1491 2417 1818 2471 habentium
1842 2420 1971 2490 jura

95 2505 426 2579 episcopalia
474 2507 769 2579 pertinere,
812 2526 1022 2563 canone
1067 2509 1211 2564 Satis
1259 2512 1521 2565 evidenter
1569 2513 1620 2578 7,
1661 2513 1972 2569 distinctio·

95 2599 183 2655 nis
213 2620 337 2668 xcv13
362 2601 456 2655 ubi
481 2602 717 2658 habetur
748 2603 1009 2658 illicitum
1038 2622 1157 2659 esse
1189 2623 1315 2659 eum
1341 2606 1435 2676 qui
1463 2613 1673 2661 nonest
1708 2608 1763 2661 in
1781 2609 1974 2664 ordine

95 2695 482 2770 Episcoporum
513 2698 900 2754 ecclesiasticis
928 2699 1296 2754 intermisceri
1331 2701 1677 2758 tractatibus,
1715 2702 1883 2774 quue
1905 2704 1973 2758 ab

97 2792 354 2847 omnibus
376 2795 746 2850 communiter
788 2795 1218 2851 confirmatur...
1259 2796 1395 2852 llinc
1423 2798 1627 2870 legitur
1662 2799 1809 2872 apud
1841 2818 1972 2855 con-

98 2887 290 2942 cilium
324 2890 783 2959 Chalcedonense,
818 2892 1108 2966 Episcopos
1142 2893 1217 2948 ibi
1260 2902 1686 2963 commoranteS‚
1729 2914 1857 2950 cum
1888 2897 1970 2950 in-

98 2984 433 3040 tellexissent
469 2989 761 3044 nonnullos
790 2989 1066 3063 AEgyptios
1106 2990 1201 3063 qui
1233 3009 1344 3045 non
1379 2998 1539 3046 erant
1570 2992 1821 3064 Episcopi
1859 3010 1970 3047 una

99 3094 227 3132 eum
256 3079 502 3136 Dioscoro
534 3082 955 3141 Chalcedonensi
989 3087 1211 3161 petiisse
1248 3094 1310 3142 ut
1345 3087 1578 3142 concilio
1613 3087 1965 3155 interessent,

100 3174 368 3230 clamasse
395 3194 607 3246 omneS,
637 3182 933 3236 concilium
970 3184 1365 3256 Episcoporum
1398 3200 1541 3251 esse,
1578 3182 1824 3253 aliosque
1851 3201 1970 3239 esse

98 3269 394 3341 ejiciendos
454 3272 512 3326 Et
551 3273 671 3328 ideo
703 3275 804 3330 Leo
844 3276 986 3349 Papa
1028 3278 1328 3332 concilium
1369 3277 1804 3333 Chalcedonense
1844 3296 1971 3334 con-

97 3367 289 3421 cilium
339 3369 645 3442 episcopale
698 3371 1013 3443 appellavit.
1058 3373 1130 3426 De
1181 3373 1579 3428 consuetudine
1630 3379 1815 3430 tamen
1875 3376 1968 3430 ad-

98 3464 400 3519 mittuntur
431 3465 595 3520 etiam
621 3465 855 3521 Abbates
882 3473 933 3522 et
959 3468 1241 3539 generales
1274 3468 1515 3523 ministri
1541 3469 1808 3524 Ordinum
1841 3471 1967 3527 reli·

97 3559 405 3634 giosorum,
432 3568 483 3616 et
513 3579 704 3618 omnes
740 3561 818 3616 illi
845 3562 940 3635 qui
973 3580 1099 3618 cum
1131 3572 1523 3637 promoventur
1544 3565 1611 3621 ad
1638 3565 1963 3639 dignitatem
