2320 4010
842 181 968 227 PARS
999 180 1238 243 SECUNDA.
1251 187 1255 191 ’
1507 174 1510 177 ’
1896 175 1980 223 551

99 294 299 345 ventus
322 286 732 344 Melodunensis
759 286 891 343 anni
919 285 1086 355 1579,
1116 285 1280 342 titulo
1313 284 1334 339 Ι
1365 283 1853 354 constitutionum,
1884 282 1983 356 qui

100 389 183 440 est
206 383 272 439 de
295 383 419 439 fidei
450 383 790 457 professione
819 382 899 438 sic
927 380 1167 437 decrevit
1192 402 1203 433 ;

180 502 206 531 «
237 481 468 553 Operam
496 479 705 534 dabunt
730 478 771 534 ii
805 477 1011 551 quibus
1032 478 1146 532 haec
1178 494 1311 532 cura
1338 467 1666 532 demandata
1699 482 1803 546 est,
1830 475 1985 551 Epis-

100 578 222 651 copi
247 577 458 634 scilicet
484 582 747 634 eteorum
775 576 988 648 vicarii,
1012 581 1074 631 ut
1102 574 1160 629 in
1182 575 1444 630 omnibus
1467 573 1691 648 synodis
1715 570 1831 629 tam
1849 573 2006 629 dioe··
2041 568 2055 583 ’

93 663 315 730 ⁴cesanis
352 693 518 747 quam
557 674 1010 749 provincialibuS,
1038 690 1232 728 omnes
1271 678 1324 727 et
1364 671 1590 744 singuli,
1631 678 1751 727 tum
1794 671 1983 727 elerici

96 775 216 825 tum
241 771 391 840 laici,
427 772 836 846 amplectantur
854 776 906 826 et
935 775 1123 844 aperta
1146 769 1492 842 professione
1511 786 1633 824 eam
1665 768 1831 824 fidem
1859 786 1983 841 pro·
2006 785 2008 787 ·

96 866 379 935 nuntient,
421 885 590 939 quam
619 871 805 922 sancta
833 866 1078 919 Romana
1118 864 1381 933 Ecclesia,
1412 864 1695 935 magistra,
1723 865 1982 919 columna

94 966 146 1014 et
172 961 587 1016 firmamentum
616 959 861 1015 veritatis
893 957 1186 1031 profitetur
1215 963 1266 1011 et
1300 957 1452 1012 colit.
1499 956 1580 1011 Ad
1618 960 1762 1011 hanc
1803 958 1979 1024 enim,

88 1063 314 1128 propter
353 1074 511 1111 suam
547 1055 1046 1130 principalitatem,
1083 1070 1312 1109 necesse
1338 1058 1420 1108 est
1448 1070 1645 1108 omnes
1686 1039 1981 1108 convenire

89 1151 372 1207 ecclesias
403 1174 431 1205 »

163 1249 389 1305 Notetur
412 1250 486 1304 ibi
509 1269 621 1305 non
640 1250 762 1305 dari
789 1251 973 1305 locum
1001 1249 1318 1304 vanissimae
1337 1248 1699 1317 cavillationi,
1721 1266 1827 1321 qua
1852 1266 1981 1303 con-

93 1346 342 1401 tenditur
367 1346 612 1401 Ecclesiae
638 1347 889 1402 Romame
913 1346 1364 1402 denominatione
1394 1345 1629 1417 intelligi
1663 1363 1825 1418 posse
1855 1345 1982 1400 uni-

92 1461 308 1498 versam
340 1443 657 1500 Ecclesiam.
699 1444 833 1499 Nam
874 1444 1140 1499 Gallicani
1180 1443 1482 1511 antistites,
1535 1443 1758 1498 citando
1805 1442 1979 1498 sancti

90 1538 277 1593 Irena¹i
305 1540 465 1595 verba
485 1539 564 1594 Aa
581 1541 712 1594 hanc
737 1542 972 1607 enim...,
997 1539 1231 1613 hocipso
1257 1539 1562 1594 Romanam
1582 1539 1880 1594 Ecclesiam
1910 1540 1979 1594 ab

90 1635 350 1690 omnibus
373 1635 494 1691 aliis
522 1637 1093 1708 contradistinguunt,
1153 1655 1290 1709 quas
1322 1637 1690 1710 pronuntiant
1718 1655 1847 1692 cum
1885 1635 1978 1691 illa

87 1731 333 1787 Romana
352 1733 643 1789 convenire
654 1734 875 1789 debere.
895 1734 1069 1806 Igitur
1087 1735 1402 1790 Gallicanus
1419 1735 1632 1803 CleruS,
1647 1753 1792 1790 anno
1807 1735 1874 1790 215
1887 1735 1975 1803 79,

87 1829 382 1884 Ecclesiam
415 1830 743 1898 Romanam,
770 1836 1047 1902 quatenus
1074 1832 1453 1902 particularem
1479 1832 1790 1901 Ecclesiam,
1818 1832 1981 1886 habe-

82 1926 172 1981 bat
196 1929 582 1998 promaqistra,
617 1928 854 1982 columna
888 1936 938 1982 et
967 1930 1293 1998 firmamento
1329 1931 1591 1998 veritati-3,
1621 1928 1782 1999 cujus
1808 1928 1974 1982 fidem

80 2041 255 2079 omnes
297 2032 346 2079 et
396 2025 583 2095 sinqali
610 2025 857 2098 profiteri
907 2025 1264 2080 tenebantur.
1321 2025 1556 2079 Proinde
1595 2024 1855 2080 Romanae
1879 2025 1976 2079 Ec-

80 2121 281 2190 clesiae,
317 2127 593 2193 quatenus
632 2121 961 2195 particulari
1000 2140 1096 2177 seu
1124 2123 1191 2176 ab
1226 2121 1349 2176 aliis
1378 2121 1640 2176 Ecclesiis
1675 2121 1972 2193 distinctae,

85 2217 447 2271 inerrantiam
472 2218 652 2288 quoad
672 2218 834 2274 fidem
862 2218 1183 2272 firmissime
1210 2218 1555 2272 adscribebat
1579 2241 1588 2282 ;
1621 2225 1671 2272 et
1702 2217 1865 2271 nihili
1894 2218 1974 2272 fa-

87 2312 263 2367 ciebat
294 2330 413 2384 quae
438 2313 873 2368 Constantiensis
906 2315 1131 2369 concilii
1173 2315 1527 2387 temporibus
1553 2315 1746 2370 Petrus
1778 2315 1847 2371 de
1882 2317 1975 2370 Al-

87 2407 248 2475 liac0,
275 2407 499 2474 Gerson,
531 2413 580 2462 et
611 2408 705 2461 alii
739 2408 995 2462 nonnulli
1027 2409 1083 2462 in
1110 2410 1452 2464 contrarium
1478 2411 1853 2468 effutiverant.

160 2505 405 2559 Docrm-xa
435 2505 704 2561 MAuctem.
732 2505 1150 2574 —Mauclerus,
1188 2507 1379 2561 doctor
1402 2507 1759 2576 SorbonicuS,
1794 2509 1851 2562 in
1881 2527 1968 2564 ce-

83 2601 221 2656 lebri
257 2619 426 2674 opere
464 2620 563 2656 suo
601 2602 663 2656 cle
697 2600 996 2655 Monarchia
1029 2604 1091 2674 (t.
1133 2603 1173 2670 Ι,
1206 2621 1260 2675 p.
1297 2603 1405 2658 515
1441 2609 1490 2659 et
1523 2622 1663 2676 seq.,
1708 2604 1838 2659 edit.
1874 2605 1969 2659 Pa-

82 2699 256 2765 risiiS,
300 2697 463 2768 1622)
498 2698 643 2771 quod
681 2698 950 2754 Ludovico
986 2700 1096 2753 Xlll
1130 2706 1396 2772 regnante
1422 2701 1615 2769 edidit,
1651 2702 1725 2756 ita
1765 2703 1919 2757 docet
1953 2723 1963 2755 :

85 2795 274 2851 «Illud
312 2813 421 2869 prae
456 2796 615 2850 nobis
651 2795 707 2849 in
747 2796 1084 2852 conscicntia
1122 2806 1383 2869 tanquam
1422 2816 1615 2854 verum
1649 2805 1698 2853 et
1741 2798 1967 2853 catholi-

81 2911 210 2948 cum
257 2893 400 2950 serre
436 2894 700 2950 debemus
740 2902 791 2950 et
837 2894 1024 2950 animo
1062 2897 1335 2951 constanti
1383 2914 1618 2968 vereque
1661 2897 1966 2952 christiano

83 2987 316 3042 firmiter
372 2990 667 3045 asserendo
723 2991 916 3046 testari
963 3012 973 3043 :
1026 2992 1335 3047 Romanum
1378 2994 1694 3048 Pontificem
1750 2993 1963 3062 aliquid

84 3083 141 3138 in
188 3069 561 3155 spectantibus
621 3085 689 3139 ad
735 3087 920 3155 tidem,
969 3095 1244 3160 quatenus
1290 3107 1588 3162 supremus
1635 3087 1966 3142 universalis

84 3180 340 3235 Ecclesiae
377 3180 565 3236 doctor
609 3188 709 3246 est,
748 3183 974 3240 delinire
1013 3203 1127 3240 non
1164 3203 1326 3259 posse
1367 3185 1509 3257 quod
1540 3201 1726 3238 errore
1767 3184 1838 3238 sit
1864 3184 1964 3238 ali·

87 3294 195 3347 quo
236 3276 723 3332 commaculatum.
761 3279 870 3333 lloc
907 3297 1069 3333 nemo
1111 3280 1512 3334 catholicorum
1555 3279 1789 3335 inficiari
1825 3299 1962 3354 prae-

85 3379 286 3439 sumet,
314 3391 442 3427 cum
469 3378 653 3427 vertex
682 3373 1135 3428 scholasticorum
1171 3375 1548 3446 theologorum
1589 3376 1663 3448 (S.
1703 3376 1957 3447 Thomas)

82 3474 195 3524 tam
232 3467 377 3523 clare
415 3468 818 3542 perspicueque
854 3487 982 3524 cum
1010 3472 1409 3527 asseveratione
1439 3472 1658 3542 dixerit,
1686 3477 1961 3530 auctorita-

80 3572 178 3619 tem
223 3583 307 3619 res
349 3565 472 3635 fidei
504 3566 782 3636 deliniendi
816 3569 1180 3642 principaliter
1217 3571 1267 3623 in
1312 3569 1520 3625 Sammo
1548 3571 1799 3644 Pontifice
1830 3572 1974 3641 resi-A
