2372 4108
262 255 321 301 40
933 250 1232 298 TRACTATUS
1263 251 1328 297 DE
1358 251 1506 300 ΡΑΡΑ.

264 382 492 440 nymuS,
530 380 660 418 cum
691 359 817 416 aliis
859 375 971 414 non
1002 356 1218 432 paucis,
1261 358 1616 417 simulatorie
1648 361 1921 421 duntaxat
1946 365 2174 422 Petrum

261 476 293 520 a
322 463 492 519 Paulo
522 461 930 534 reprehensum
958 455 1161 538 fuisse.
1192 459 1253 514 5⁰
1277 458 1566 516 Derelictis
1598 459 1771 516 etiam
1807 462 2030 520 duabus
2052 463 2176 520 istis

261 558 647 635 opinionibus,
679 561 733 612 et
786 560 970 612 stante
1015 556 1313 631 hypothesi
1349 558 1740 630 quodPaulus
1769 559 1917 615 serio
1947 559 2173 618 Petrum

258 654 704 731 reprehenderit,
742 653 904 709 facile
936 653 1178 709 diluitur
1206 655 1444 729 objectio
1471 655 1530 710 in
1574 658 1727 712 hunc
1756 656 2024 712 modum:
2054 657 2176 713 lici-

256 762 380 811 tum
409 760 493 810 est
530 753 789 810 inferiori
821 755 1235 829 reprehendere
1267 755 1641 830 superiorem,
1676 755 1843 811 modo
1876 755 1933 811 id
1963 756 2063 812 fiat
2087 774 2173 811 re-

254 859 514 910 verenter
557 858 611 908 et
641 871 707 909 ex
749 871 919 908 causa
961 852 1315 924 rationabili3
1365 859 1533 928 prout
1574 854 1775 910 docent
1823 853 2174 910 unanimiter

257 952 524 1026 theologi.
545 953 911 1026 Distinguunt
939 971 1142 1029 nempe
1160 953 1570 1009 correctionem
1598 954 1970 1009 charitativam
1995 971 2025 1007 a
2051 969 2174 1007 cor-

255 1051 509 1107 rectione
535 1052 937 1107 auctoritativa.
969 1051 1035 1107 Et
1067 1052 1214 1107 hanc
1239 1051 1469 1125 quidem
1498 1050 1694 1106 dicunt
1717 1049 1869 1106 licite
1900 1068 2015 1106 non
2043 1067 2172 1124 pro-

254 1148 452 1204 cedere
478 1147 588 1205 nisi
612 1167 641 1203 a
671 1148 961 1224 superiore
993 1148 1052 1203 in
1079 1148 1427 1205 inferiorem.
1458 1148 1522 1203 At
1550 1142 1821 1204 correctio
1842 1146 2173 1204 charitativa

255 1247 410 1303 licite
439 1246 691 1322 procedit
727 1248 796 1303 ab
829 1247 1033 1320 aequali
1068 1247 1127 1302 in
1169 1248 1468 1322 aequalem,
1504 1247 1617 1303 imo
1649 1252 1700 1302 ct
1737 1248 1805 1302 ab
1834 1245 2086 1302 inferiori
2113 1245 2171 1300 in

254 1345 627 1419 superiorem.
658 1346 798 1418 Ergo
830 1364 895 1401 ex
926 1364 990 1401 eo
1032 1345 1181 1419 quod
1217 1346 1424 1401 Paulus
1453 1346 1679 1402 Petrum
1718 1343 2167 1419 reprehenderit,

253 1459 366 1495 non
384 1433 645 1512 sequitur
671 1462 783 1498 non
805 1444 1056 1515 agnitam
1081 1444 1150 1498 ab
1180 1443 1300 1517 ipso
1319 1442 1655 1498 fuissePetri
1685 1427 2166 1516 superioritatem,

255 1538 365 1594 nisi
388 1540 559 1595 simul
594 1542 866 1614 probetur
895 1542 1134 1596 Paulum
1163 1541 1219 1595 id
1251 1540 1583 1614 praestitisse
1606 1546 1882 1612 tanquam
1917 1539 2171 1614 superio-

252 1657 394 1708 rem,
421 1658 519 1696 seu
551 1640 967 1706 auctoritative3
1003 1639 1154 1712 quod
1181 1658 1317 1694 saue
1349 1658 1464 1693 non
1495 1638 1930 1712 probatur.-Imo
1963 1637 2019 1691 id
2039 1637 2170 1712 reji-

253 1738 411 1793 ciunt
434 1738 661 1811 ipsimet
693 1739 1023 1807 adversarii,
1060 1756 1190 1793 cum
1216 1738 1387 1792 Paulo
1416 1737 1706 1792 vindicare
1744 1741 2024 1808 satagant,
2054 1754 2168 1791 non

250 1838 703 1909 superioritatem,
733 1836 831 1891 sed
870 1834 1259 1908 aeqaalitatem.

329 1932 554 2005 Objeclio
578 1935 651 1989 4³.
675 1968 739 1974 —
758 1933 946 1989 Sancti
972 1933 1159 1989 Patres
1189 1934 1383 1990 ambos
1403 1933 1693 2007 Apostolos
1711 1933 1936 1989 Petrum
1964 1938 2016 1987 et
2034 1932 2169 1987 Bau-

251 2032 372 2087 lum
403 2038 626 2102 vocant,
671 2027 924 2087 Ecclesioe
971 2034 1278 2106 proefectOS,
1312 2032 1570 2088 Romanae
1611 2031 1864 2087 Ecclesiae
1897 2039 2081 2104 patres
2105 2049 2167 2085 ac

247 2131 583 2203 fundatore&
607 2132 966 2187 Ecclesiaram
994 2131 1299 2206 principeS,
1327 2131 1483 2186 ethis
1508 2130 1794 2187 similibus
1817 2129 2168 2185 nominibus.

250 2231 390 2304 Ergo
426 2249 519 2286 cos
551 2232 798 2303 aequales
830 2230 1165 2286 auctoritate
1199 2234 1556 2305 reputarunt.

323 2329 655 2403 Respomleo.
693 2364 762 2370 —
790 2330 991 2385 Sancto
1023 2328 1195 2384 Paulo
1225 2328 1561 2384 tribuuntur
1614 2326 1895 2401 ejusmodi
1943 2328 2170 2382 honori-

248 2427 365 2483 ficae
392 2428 882 2484 denominationes
916 2428 1134 2484 ratione
1174 2417 1528 2501 apostolatu&
1569 2445 1682 2482 non
1734 2433 1924 2483 autem
1952 2426 2174 2481 ratione

241 2529 506 2599 primatus
544 2546 643 2582 seu
685 2529 979 2602 potestatis
1033 2527 1417 2584 universalem
1469 2527 1700 2599 regendi
1749 2525 2079 2582 Ecclesiam.
2110 2526 2174 2580 Et

248 2627 401 2682 hunc
430 2643 552 2682 esse
580 2628 808 2682 Patrum
844 2646 1078 2683 sensum
1105 2627 1191 2682 vel
1231 2645 1297 2682 ex
1324 2645 1388 2682 eo
1416 2626 1600 2699 liquet
1633 2625 1985 2701 plenissime,
2018 2624 2171 2696 quod

249 2723 417 2778 iidem
444 2725 633 2781 Patres
661 2725 758 2797 qui
791 2724 1075 2801 praedictis
1104 2725 1287 2781 titulis
1314 2725 1552 2781 Paulum
1585 2723 1880 2796 insignunt
1909 2739 2172 2797 expresse

249 2821 420 2876 simul
467 2822 701 2878 doceant
738 2831 995 2880 sanctum
1040 2826 1268 2881 Petrum
1326 2825 1540 2881 caeteris
1574 2821 1841 2878 omnibus
1893 2821 2170 2895 Apostolis

247 2913 578 2986 praefectum
607 2919 660 2967 et
686 2914 1002 2988 principem
1038 2934 1068 2970 a
1102 2915 1320 2971 Christo
1371 2914 1747 2970 constitutum
1774 2913 1974 2969 fuisse.

326 3012 556 3085 objectio
588 3014 663 3068 5³.
686 3045 755 3053 -—
773 3013 827 3069 S.
859 3013 1065 3069 Paulus
1098 3014 1207 3069 fuit
1239 3031 1369 3069 vere
1396 3012 1568 3069 simul
1595 3031 1723 3069 cum
1746 3012 1800 3068 S.
1829 3012 1991 3069 Petro
2016 3013 2170 3087 Epis-

249 3129 406 3184 copus
434 3112 725 3182 Romanas,
745 3116 910 3186 prout
938 3112 1139 3167 docent
1156 3111 1367 3186 passim
1394 3111 1578 3168 sancti
1604 3112 1819 3181 Patres,
1849 3117 1903 3168 et
1921 3111 2164 3167 ostendit

246 3210 661 3284 papebrochius
689 3210 769 3283 (in
793 3209 1151 3267 Exhibitione
1182 3230 1467 3282 errorum,
1486 3216 1645 3286 parte
1663 3199 1831 3282 l,'art.
1859 3210 1946 3283 vn)
1974 3233 1983 3264 :
2008 3209 2166 3284 atqui

248 3326 361 3362 non
400 3307 585 3381 potuit
635 3308 686 3364 ei
714 3309 1036 3366 communis
1067 3327 1189 3366 esse
1218 3329 1349 3365 cum
1377 3311 1534 3366 Petro
1578 3310 1936 3385 episcopatus
1961 3309 2163 3364 Roma-

247 3425 378 3476 nus,
424 3407 534 3463 nisi
567 3407 740 3464 simul
777 3409 1098 3466 communis
1146 3409 1317 3467 fuerit
1359 3415 1411 3466 et
1458 3409 1924 3485 primatuszergo
1949 3406 2157 3480 prima-

251 3511 371 3559 tum
421 3507 618 3563 hahuit
656 3526 786 3564 cum
832 3509 1013 3580 Petro,
1064 3527 1164 3566 seu
1209 3509 1317 3584 ipsi
1358 3509 1594 3584 aequalis
1640 3508 1746 3564 fuit
1795 3508 1854 3561 in
1887 3508 2161 3579 potestate

247 3601 602 3673 gubernandi
629 3606 1009 3664 universalem
1036 3608 1369 3667 Ecclesiam.

324 3697 653 3772 Responcleo.
681 3737 750 3746 —
769 3706 1008 3763 Sanctus
1029 3707 1240 3762 Paulus
1258 3707 1366 3763 fuit
1382 3724 1513 3762 vere
1535 3704 1847 3778 Episcopus
1864 3702 2153 3760 Romanus
