<?xml version="1.0" encoding="UTF-8"?>
<!DOCTYPE html PUBLIC "-//W3C//DTD XHTML 1.0 Transitional//EN"
    "http://www.w3.org/TR/xhtml1/DTD/xhtml1-transitional.dtd">
<html xmlns="http://www.w3.org/1999/xhtml" xml:lang="en" lang="en">
 <head>
  <title>
</title>
<meta http-equiv="Content-Type" content="text/html;charset=utf-8" />
  <meta name='ocr-system' content='tesseract 3.04.00' />
  <meta name='ocr-capabilities' content='ocr_page ocr_carea ocr_par ocr_line ocrx_word'/>
</head>
<body>
  <div class='ocr_page' id='page_1' title='image "a548470101bouiuoft_0577.png"; bbox 0 0 2320 4010; ppageno 0'>
   <div class='ocr_carea' id='block_1_1' title="bbox 0 296 4 846">
    <p class='ocr_par' dir='ltr' id='par_1_1' title="bbox 0 296 4 846">
     <span class='ocr_line' id='line_1_1' title="bbox 0 296 4 846; baseline 0 0"><span class='ocrx_word' id='word_1_1' title='bbox 0 296 4 846; x_wconf 95' lang='lat' dir='ltr'> </span> 
     </span>
    </p>
   </div>
   <div class='ocr_carea' id='block_1_2' title="bbox 42 0 144 163">
    <p class='ocr_par' dir='ltr' id='par_1_2' title="bbox 42 0 144 163">
     <span class='ocr_line' id='line_1_2' title="bbox 42 0 144 163; baseline 0 3847"><span class='ocrx_word' id='word_1_2' title='bbox 42 0 144 163; x_wconf 95' lang='lat' dir='ltr'> </span> 
     </span>
    </p>
   </div>
   <div class='ocr_carea' id='block_1_3' title="bbox 853 191 2027 252">
    <p class='ocr_par' dir='ltr' id='par_1_3' title="bbox 853 191 2027 252">
     <span class='ocr_line' id='line_1_3' title="bbox 853 191 2027 252; baseline -0.008 -1"><span class='ocrx_word' id='word_1_3' title='bbox 853 204 976 252; x_wconf 73' lang='lat' dir='ltr'>PARS</span> <span class='ocrx_word' id='word_1_4' title='bbox 1006 202 1249 251; x_wconf 78' lang='lat' dir='ltr'><strong>SECUNDA.</strong></span> <span class='ocrx_word' id='word_1_5' title='bbox 1803 191 1811 197; x_wconf 72' lang='grc'><strong>’</strong></span> <span class='ocrx_word' id='word_1_6' title='bbox 1907 197 1996 246; x_wconf 84' lang='grc'>567</span> <span class='ocrx_word' id='word_1_7' title='bbox 2014 232 2027 242; x_wconf 37' lang='lat' dir='ltr'>x</span> 
     </span>
    </p>
   </div>
   <div class='ocr_carea' id='block_1_4' title="bbox 99 302 1996 3653">
    <p class='ocr_par' dir='ltr' id='par_1_4' title="bbox 109 302 1996 1420">
     <span class='ocr_line' id='line_1_4' title="bbox 121 302 1996 386; baseline -0.003 -22"><span class='ocrx_word' id='word_1_8' title='bbox 121 333 150 365; x_wconf 90' lang='lat'>«</span> <span class='ocrx_word' id='word_1_9' title='bbox 178 330 390 381; x_wconf 79' lang='grc'><strong>30111133,</strong></span> <span class='ocrx_word' id='word_1_10' title='bbox 413 329 484 367; x_wconf 90' lang='lat' dir='ltr'>on</span> <span class='ocrx_word' id='word_1_11' title='bbox 508 328 576 368; x_wconf 90' lang='grc'>33</span> <span class='ocrx_word' id='word_1_12' title='bbox 613 311 804 386; x_wconf 87' lang='grc'><strong>1131553</strong></span> <span class='ocrx_word' id='word_1_13' title='bbox 827 311 980 367; x_wconf 82' lang='lat' dir='ltr'>avoir</span> <span class='ocrx_word' id='word_1_14' title='bbox 1018 310 1072 366; x_wconf 88' lang='lat' dir='ltr'>la</span> <span class='ocrx_word' id='word_1_15' title='bbox 1114 306 1460 365; x_wconf 77' lang='lat' dir='ltr'>moderatiori</span> <span class='ocrx_word' id='word_1_16' title='bbox 1486 305 1556 362; x_wconf 88' lang='lat' dir='ltr'>de</span> <span class='ocrx_word' id='word_1_17' title='bbox 1580 302 1811 361; x_wconf 80' lang='lat' dir='ltr'>souffrir</span> <span class='ocrx_word' id='word_1_18' title='bbox 1834 308 1887 360; x_wconf 92' lang='grc'>31</span> <span class='ocrx_word' id='word_1_19' title='bbox 1911 308 1996 359; x_wconf 91' lang='grc'>10-</span> 
     </span>
     <span class='ocr_line' id='line_1_5' title="bbox 123 398 1995 483; baseline -0.003 -23"><span class='ocrx_word' id='word_1_20' title='bbox 123 429 150 461; x_wconf 91' lang='lat'>«</span> <span class='ocrx_word' id='word_1_21' title='bbox 184 409 326 464; x_wconf 81' lang='lat' dir='ltr'>lerer</span> <span class='ocrx_word' id='word_1_22' title='bbox 363 408 500 464; x_wconf 92' lang='lat' dir='ltr'>celle</span> <span class='ocrx_word' id='word_1_23' title='bbox 522 408 619 480; x_wconf 89' lang='lat' dir='ltr'>qui</span> <span class='ocrx_word' id='word_1_24' title='bbox 643 408 845 483; x_wconf 90' lang='lat' dir='ltr'>appuie</span> <span class='ocrx_word' id='word_1_25' title='bbox 873 410 1252 464; x_wconf 84' lang='lat' dir='ltr'>ouvertement</span> <span class='ocrx_word' id='word_1_26' title='bbox 1283 421 1371 460; x_wconf 87' lang='lat' dir='ltr'>ses</span> <span class='ocrx_word' id='word_1_27' title='bbox 1404 402 1597 459; x_wconf 89' lang='lat' dir='ltr'>droits.</span> <span class='ocrx_word' id='word_1_28' title='bbox 1636 422 1663 453; x_wconf 81' lang='lat'>»</span> <span class='ocrx_word' id='word_1_29' title='bbox 1701 400 1767 455; x_wconf 87' lang='lat' dir='ltr'>Et</span> <span class='ocrx_word' id='word_1_30' title='bbox 1801 399 1860 456; x_wconf 93' lang='lat' dir='ltr'>in</span> <span class='ocrx_word' id='word_1_31' title='bbox 1884 398 1995 455; x_wconf 84' lang='lat' dir='ltr'>alio</span> 
     </span>
     <span class='ocr_line' id='line_1_6' title="bbox 118 490 1995 580; baseline -0.004 -20"><span class='ocrx_word' id='word_1_32' title='bbox 118 506 237 563; x_wconf 92' lang='grc'><strong>1030</strong></span> <span class='ocrx_word' id='word_1_33' title='bbox 264 529 276 561; x_wconf 88' lang='lat'>:</span> <span class='ocrx_word' id='word_1_34' title='bbox 302 527 329 558; x_wconf 94' lang='lat'>«</span> <span class='ocrx_word' id='word_1_35' title='bbox 361 506 560 562; x_wconf 84' lang='lat' dir='ltr'>Mesme</span> <span class='ocrx_word' id='word_1_36' title='bbox 595 509 626 562; x_wconf 81' lang='grc'>3</span> <span class='ocrx_word' id='word_1_37' title='bbox 660 509 883 580; x_wconf 78' lang='lat' dir='ltr'>present</span> <span class='ocrx_word' id='word_1_38' title='bbox 913 522 985 561; x_wconf 93' lang='lat' dir='ltr'>on</span> <span class='ocrx_word' id='word_1_39' title='bbox 1017 503 1277 575; x_wconf 87' lang='lat' dir='ltr'>enseigne</span> <span class='ocrx_word' id='word_1_40' title='bbox 1305 506 1448 558; x_wconf 91' lang='lat' dir='ltr'>cette</span> <span class='ocrx_word' id='word_1_41' title='bbox 1484 498 1734 556; x_wconf 84' lang='lat' dir='ltr'>doctrine</span> <span class='ocrx_word' id='word_1_42' title='bbox 1768 490 1907 553; x_wconf 87' lang='lat' dir='ltr'>dans</span> <span class='ocrx_word' id='word_1_43' title='bbox 1940 496 1995 552; x_wconf 88' lang='lat' dir='ltr'>la</span> 
     </span>
     <span class='ocr_line' id='line_1_7' title="bbox 121 591 1994 673; baseline -0.004 -19"><span class='ocrx_word' id='word_1_44' title='bbox 121 621 149 654; x_wconf 74' lang='grc' dir='ltr'><strong>α</strong></span> <span class='ocrx_word' id='word_1_45' title='bbox 181 602 481 657; x_wconf 87' lang='lat' dir='ltr'>Sorbonne.</span> <span class='ocrx_word' id='word_1_46' title='bbox 512 602 613 658; x_wconf 87' lang='lat' dir='ltr'>Car</span> <span class='ocrx_word' id='word_1_47' title='bbox 635 602 686 658; x_wconf 91' lang='lat' dir='ltr'>le</span> <span class='ocrx_word' id='word_1_48' title='bbox 711 617 920 657; x_wconf 89' lang='lat' dir='ltr'>mesme</span> <span class='ocrx_word' id='word_1_49' title='bbox 958 601 1088 673; x_wconf 90' lang='lat' dir='ltr'>jour</span> <span class='ocrx_word' id='word_1_50' title='bbox 1114 598 1398 654; x_wconf 84' lang='lat' dir='ltr'>douzieme</span> <span class='ocrx_word' id='word_1_51' title='bbox 1442 597 1511 652; x_wconf 90' lang='lat' dir='ltr'>de</span> <span class='ocrx_word' id='word_1_52' title='bbox 1535 613 1597 651; x_wconf 87' lang='lat' dir='ltr'>ce</span> <span class='ocrx_word' id='word_1_53' title='bbox 1623 594 1765 650; x_wconf 90' lang='lat' dir='ltr'>mois</span> <span class='ocrx_word' id='word_1_54' title='bbox 1799 593 1866 647; x_wconf 90' lang='lat' dir='ltr'>de</span> <span class='ocrx_word' id='word_1_55' title='bbox 1900 591 1994 648; x_wconf 81' lang='grc'><strong>(13-</strong></span> 
     </span>
     <span class='ocr_line' id='line_1_8' title="bbox 119 689 1995 769; baseline -0.001 -23"><span class='ocrx_word' id='word_1_56' title='bbox 119 714 148 746; x_wconf 79' lang='lat'>«</span> <span class='ocrx_word' id='word_1_57' title='bbox 173 696 415 764; x_wconf 89' lang='lat' dir='ltr'>cembre,</span> <span class='ocrx_word' id='word_1_58' title='bbox 443 696 727 768; x_wconf 89' lang='lat' dir='ltr'>lorsqu&#39;on</span> <span class='ocrx_word' id='word_1_59' title='bbox 753 695 1021 769; x_wconf 87' lang='lat' dir='ltr'>disputait</span> <span class='ocrx_word' id='word_1_60' title='bbox 1052 713 1123 750; x_wconf 87' lang='lat' dir='ltr'>au</span> <span class='ocrx_word' id='word_1_61' title='bbox 1154 694 1362 765; x_wconf 82' lang='lat' dir='ltr'>college</span> <span class='ocrx_word' id='word_1_62' title='bbox 1388 693 1457 748; x_wconf 90' lang='lat' dir='ltr'>de</span> <span class='ocrx_word' id='word_1_63' title='bbox 1486 692 1767 747; x_wconf 90' lang='lat' dir='ltr'>Clermont</span> <span class='ocrx_word' id='word_1_64' title='bbox 1791 707 1890 745; x_wconf 90' lang='lat' dir='ltr'>sur</span> <span class='ocrx_word' id='word_1_65' title='bbox 1914 689 1995 744; x_wconf 86' lang='lat' dir='ltr'>les</span> 
     </span>
     <span class='ocr_line' id='line_1_9' title="bbox 117 787 1995 863; baseline -0.001 -22"><span class='ocrx_word' id='word_1_66' title='bbox 117 790 356 845; x_wconf 79' lang='lat' dir='ltr'>«theses</span> <span class='ocrx_word' id='word_1_67' title='bbox 382 792 759 863; x_wconf 78' lang='lat' dir='ltr'>precedentes,</span> <span class='ocrx_word' id='word_1_68' title='bbox 803 811 874 847; x_wconf 91' lang='grc'>03</span> <span class='ocrx_word' id='word_1_69' title='bbox 913 791 1223 847; x_wconf 89' lang='grc'><strong>5035133311</strong></span> <span class='ocrx_word' id='word_1_70' title='bbox 1249 808 1317 845; x_wconf 89' lang='grc'>33</span> <span class='ocrx_word' id='word_1_71' title='bbox 1365 789 1651 844; x_wconf 90' lang='lat' dir='ltr'>Sorbonne</span> <span class='ocrx_word' id='word_1_72' title='bbox 1696 787 1750 841; x_wconf 89' lang='grc'><strong>13</strong></span> <span class='ocrx_word' id='word_1_73' title='bbox 1781 801 1995 841; x_wconf 88' lang='lat' dir='ltr'>mesme</span> 
     </span>
     <span class='ocr_line' id='line_1_10' title="bbox 114 880 1988 958; baseline -0.003 -22"><span class='ocrx_word' id='word_1_74' title='bbox 114 903 143 936; x_wconf 76' lang='grc' dir='ltr'><strong>α</strong></span> <span class='ocrx_word' id='word_1_75' title='bbox 174 886 326 941; x_wconf 90' lang='grc'><strong>111353</strong></span> <span class='ocrx_word' id='word_1_76' title='bbox 366 904 434 940; x_wconf 88' lang='grc'>33</span> <span class='ocrx_word' id='word_1_77' title='bbox 465 887 783 955; x_wconf 82' lang='lat' dir='ltr'><strong>substance,</strong></span> <span class='ocrx_word' id='word_1_78' title='bbox 821 886 920 958; x_wconf 90' lang='lat' dir='ltr'>qui</span> <span class='ocrx_word' id='word_1_79' title='bbox 945 892 1028 940; x_wconf 90' lang='lat' dir='ltr'>est</span> <span class='ocrx_word' id='word_1_80' title='bbox 1051 902 1289 940; x_wconf 90' lang='grc'><strong>3033333</strong></span> <span class='ocrx_word' id='word_1_81' title='bbox 1339 901 1445 938; x_wconf 89' lang='lat' dir='ltr'>aux</span> <span class='ocrx_word' id='word_1_82' title='bbox 1472 889 1680 938; x_wconf 90' lang='lat' dir='ltr'>termes</span> <span class='ocrx_word' id='word_1_83' title='bbox 1722 880 1948 935; x_wconf 87' lang='lat' dir='ltr'>suivans</span> <span class='ocrx_word' id='word_1_84' title='bbox 1971 899 1988 930; x_wconf 90' lang='lat'>.:</span> 
     </span>
     <span class='ocr_line' id='line_1_11' title="bbox 111 979 1993 1051; baseline -0.003 -18"><span class='ocrx_word' id='word_1_85' title='bbox 111 999 140 1032; x_wconf 78' lang='grc' dir='ltr'><strong>(κ</strong></span> <span class='ocrx_word' id='word_1_86' title='bbox 176 981 442 1035; x_wconf 74' lang='lat' dir='ltr'>Romanus</span> <span class='ocrx_word' id='word_1_87' title='bbox 476 982 719 1051; x_wconf 79' lang='lat' dir='ltr'><em>Pontifex</em></span> <span class='ocrx_word' id='word_1_88' title='bbox 756 982 1231 1036; x_wconf 79' lang='lat' dir='ltr'>controversiarum</span> <span class='ocrx_word' id='word_1_89' title='bbox 1271 979 1748 1033; x_wconf 82' lang='lat' dir='ltr'>ecclesiasticarum</span> <span class='ocrx_word' id='word_1_90' title='bbox 1780 983 1993 1029; x_wconf 79' lang='grc'><strong>3313011-</strong></span> 
     </span>
     <span class='ocr_line' id='line_1_12' title="bbox 110 1070 1995 1147; baseline -0.001 -22"><span class='ocrx_word' id='word_1_91' title='bbox 110 1093 139 1125; x_wconf 80' lang='lat'>«</span> <span class='ocrx_word' id='word_1_92' title='bbox 166 1077 379 1130; x_wconf 77' lang='lat' dir='ltr'>stitutus</span> <span class='ocrx_word' id='word_1_93' title='bbox 396 1076 562 1145; x_wconf 78' lang='lat' dir='ltr'>judex</span> <span class='ocrx_word' id='word_1_94' title='bbox 590 1094 621 1130; x_wconf 86' lang='lat' dir='ltr'><em>a</em></span> <span class='ocrx_word' id='word_1_95' title='bbox 651 1075 880 1144; x_wconf 80' lang='lat' dir='ltr'>Christo,</span> <span class='ocrx_word' id='word_1_96' title='bbox 913 1077 999 1147; x_wconf 84' lang='grc' dir='ltr'><strong>(11.ιὶ</strong></span> <span class='ocrx_word' id='word_1_97' title='bbox 1030 1075 1139 1144; x_wconf 82' lang='lat' dir='ltr'>ejus</span> <span class='ocrx_word' id='word_1_98' title='bbox 1182 1073 1567 1143; x_wconf 79' lang='lat' dir='ltr'>definitionibus</span> <span class='ocrx_word' id='word_1_99' title='bbox 1605 1070 1995 1140; x_wconf 79' lang='lat' dir='ltr'>indeficientem</span> 
     </span>
     <span class='ocr_line' id='line_1_13' title="bbox 109 1167 1992 1243; baseline -0.002 -21"><span class='ocrx_word' id='word_1_100' title='bbox 109 1189 137 1221; x_wconf 85' lang='lat'>«</span> <span class='ocrx_word' id='word_1_101' title='bbox 167 1171 322 1240; x_wconf 78' lang='lat' dir='ltr'>fidem</span> <span class='ocrx_word' id='word_1_102' title='bbox 352 1173 608 1243; x_wconf 78' lang='lat' dir='ltr'><strong><em>promisit,</em></strong></span> <span class='ocrx_word' id='word_1_103' title='bbox 653 1172 774 1227; x_wconf 81' lang='lat' dir='ltr'>Luc.</span> <span class='ocrx_word' id='word_1_104' title='bbox 816 1171 908 1226; x_wconf 79' lang='lat'>22.</span> <span class='ocrx_word' id='word_1_105' title='bbox 968 1171 1034 1224; x_wconf 80' lang='lat' dir='ltr'>La</span> <span class='ocrx_word' id='word_1_106' title='bbox 1091 1187 1302 1225; x_wconf 88' lang='lat' dir='ltr'>mesme</span> <span class='ocrx_word' id='word_1_107' title='bbox 1349 1168 1598 1223; x_wconf 81' lang='lat' dir='ltr'>doctrine</span> <span class='ocrx_word' id='word_1_108' title='bbox 1634 1172 1717 1222; x_wconf 89' lang='lat' dir='ltr'>est</span> <span class='ocrx_word' id='word_1_109' title='bbox 1759 1167 1992 1220; x_wconf 79' lang='lat' dir='ltr'>avancee</span> 
     </span>
     <span class='ocr_line' id='line_1_14' title="bbox 112 1263 1991 1343; baseline -0.001 -24"><span class='ocrx_word' id='word_1_110' title='bbox 112 1287 139 1319; x_wconf 91' lang='lat'>«</span> <span class='ocrx_word' id='word_1_111' title='bbox 174 1267 310 1322; x_wconf 88' lang='lat' dir='ltr'>dans</span> <span class='ocrx_word' id='word_1_112' title='bbox 336 1286 444 1323; x_wconf 90' lang='grc'>333</span> <span class='ocrx_word' id='word_1_113' title='bbox 469 1275 628 1324; x_wconf 89' lang='lat' dir='ltr'>autre</span> <span class='ocrx_word' id='word_1_114' title='bbox 654 1270 810 1324; x_wconf 81' lang='lat' dir='ltr'>these</span> <span class='ocrx_word' id='word_1_115' title='bbox 836 1273 1135 1323; x_wconf 88' lang='lat' dir='ltr'>soustenuc</span> <span class='ocrx_word' id='word_1_116' title='bbox 1177 1286 1244 1322; x_wconf 90' lang='grc'>33</span> <span class='ocrx_word' id='word_1_117' title='bbox 1270 1267 1509 1321; x_wconf 83' lang='lat' dir='ltr'>Navarre</span> <span class='ocrx_word' id='word_1_118' title='bbox 1536 1266 1585 1319; x_wconf 88' lang='grc'>13</span> <span class='ocrx_word' id='word_1_119' title='bbox 1629 1264 1897 1343; x_wconf 86' lang='grc'><strong>5311113133</strong></span> <span class='ocrx_word' id='word_1_120' title='bbox 1925 1263 1991 1318; x_wconf 89' lang='grc'>(13</span> 
     </span>
     <span class='ocr_line' id='line_1_15' title="bbox 113 1364 1246 1420; baseline 0.001 -6"><span class='ocrx_word' id='word_1_121' title='bbox 113 1384 139 1414; x_wconf 92' lang='lat'>«</span> <span class='ocrx_word' id='word_1_122' title='bbox 171 1364 458 1420; x_wconf 78' lang='lat' dir='ltr'>decembre</span> <span class='ocrx_word' id='word_1_123' title='bbox 489 1366 554 1419; x_wconf 89' lang='lat' dir='ltr'>de</span> <span class='ocrx_word' id='word_1_124' title='bbox 579 1371 718 1420; x_wconf 88' lang='grc'><strong>33113</strong></span> <span class='ocrx_word' id='word_1_125' title='bbox 753 1383 965 1420; x_wconf 89' lang='grc'><strong>1335133</strong></span> <span class='ocrx_word' id='word_1_126' title='bbox 990 1367 1183 1419; x_wconf 89' lang='grc'><strong>33333.</strong></span> <span class='ocrx_word' id='word_1_127' title='bbox 1220 1386 1246 1415; x_wconf 90' lang='lat'>»</span> 
     </span>
    </p>

    <p class='ocr_par' dir='ltr' id='par_1_5' title="bbox 101 1458 1990 2667">
     <span class='ocr_line' id='line_1_16' title="bbox 179 1458 1983 1534; baseline -0.003 -20"><span class='ocrx_word' id='word_1_128' title='bbox 179 1460 241 1513; x_wconf 88' lang='lat' dir='ltr'>Et</span> <span class='ocrx_word' id='word_1_129' title='bbox 266 1460 486 1515; x_wconf 86' lang='lat' dir='ltr'>tandem</span> <span class='ocrx_word' id='word_1_130' title='bbox 522 1461 576 1515; x_wconf 90' lang='lat' dir='ltr'>in</span> <span class='ocrx_word' id='word_1_131' title='bbox 607 1461 796 1516; x_wconf 89' lang='lat' dir='ltr'>eodem</span> <span class='ocrx_word' id='word_1_132' title='bbox 817 1462 1084 1534; x_wconf 88' lang='lat' dir='ltr'>opusculo</span> <span class='ocrx_word' id='word_1_133' title='bbox 1103 1461 1180 1515; x_wconf 90' lang='lat' dir='ltr'>sic</span> <span class='ocrx_word' id='word_1_134' title='bbox 1206 1459 1444 1514; x_wconf 89' lang='lat' dir='ltr'>asseruit</span> <span class='ocrx_word' id='word_1_135' title='bbox 1463 1460 1656 1513; x_wconf 87' lang='lat' dir='ltr'>Petrus</span> <span class='ocrx_word' id='word_1_136' title='bbox 1684 1458 1749 1512; x_wconf 91' lang='grc'>(13</span> <span class='ocrx_word' id='word_1_137' title='bbox 1769 1458 1947 1512; x_wconf 87' lang='lat' dir='ltr'>Marca</span> <span class='ocrx_word' id='word_1_138' title='bbox 1972 1477 1983 1509; x_wconf 90' lang='lat'><strong>:</strong></span> 
     </span>
     <span class='ocr_line' id='line_1_17' title="bbox 107 1554 1987 1630; baseline -0.001 -23"><span class='ocrx_word' id='word_1_139' title='bbox 107 1576 134 1607; x_wconf 87' lang='lat'>«</span> <span class='ocrx_word' id='word_1_140' title='bbox 162 1555 228 1609; x_wconf 88' lang='lat' dir='ltr'>La</span> <span class='ocrx_word' id='word_1_141' title='bbox 254 1557 380 1628; x_wconf 87' lang='lat' dir='ltr'>plus</span> <span class='ocrx_word' id='word_1_142' title='bbox 403 1557 610 1627; x_wconf 82' lang='lat' dir='ltr'>grande</span> <span class='ocrx_word' id='word_1_143' title='bbox 637 1557 814 1630; x_wconf 88' lang='lat' dir='ltr'>partie</span> <span class='ocrx_word' id='word_1_144' title='bbox 840 1557 935 1612; x_wconf 91' lang='lat' dir='ltr'>des</span> <span class='ocrx_word' id='word_1_145' title='bbox 961 1557 1218 1612; x_wconf 86' lang='lat' dir='ltr'>docteurs</span> <span class='ocrx_word' id='word_1_146' title='bbox 1246 1555 1520 1627; x_wconf 87' lang='lat' dir='ltr'>(loquitur</span> <span class='ocrx_word' id='word_1_147' title='bbox 1544 1554 1609 1608; x_wconf 90' lang='lat' dir='ltr'>de</span> <span class='ocrx_word' id='word_1_148' title='bbox 1636 1554 1823 1625; x_wconf 89' lang='lat' dir='ltr'>Gallis)</span> <span class='ocrx_word' id='word_1_149' title='bbox 1849 1571 1987 1607; x_wconf 80' lang='lat' dir='ltr'>non-</span> 
     </span>
     <span class='ocr_line' id='line_1_18' title="bbox 107 1650 1987 1725; baseline -0.001 -21"><span class='ocrx_word' id='word_1_150' title='bbox 107 1673 134 1703; x_wconf 83' lang='lat'>«</span> <span class='ocrx_word' id='word_1_151' title='bbox 165 1653 470 1708; x_wconf 79' lang='lat' dir='ltr'>seulement</span> <span class='ocrx_word' id='word_1_152' title='bbox 496 1653 561 1708; x_wconf 87' lang='lat' dir='ltr'>de</span> <span class='ocrx_word' id='word_1_153' title='bbox 596 1654 893 1725; x_wconf 78' lang='lat' dir='ltr'>theologie,</span> <span class='ocrx_word' id='word_1_154' title='bbox 924 1654 1064 1709; x_wconf 86' lang='lat' dir='ltr'>mais</span> <span class='ocrx_word' id='word_1_155' title='bbox 1093 1671 1286 1709; x_wconf 81' lang='lat' dir='ltr'>encore</span> <span class='ocrx_word' id='word_1_156' title='bbox 1311 1653 1378 1707; x_wconf 90' lang='lat' dir='ltr'>de</span> <span class='ocrx_word' id='word_1_157' title='bbox 1425 1652 1594 1721; x_wconf 84' lang='lat' dir='ltr'>droit,</span> <span class='ocrx_word' id='word_1_158' title='bbox 1636 1651 1854 1706; x_wconf 72' lang='lat' dir='ltr'>suivent</span> <span class='ocrx_word' id='word_1_159' title='bbox 1891 1650 1987 1704; x_wconf 86' lang='lat' dir='ltr'>l&#39;o-</span> 
     </span>
     <span class='ocr_line' id='line_1_19' title="bbox 108 1747 1988 1821; baseline 0.002 -23"><span class='ocrx_word' id='word_1_160' title='bbox 108 1768 134 1798; x_wconf 90' lang='lat'>«</span> <span class='ocrx_word' id='word_1_161' title='bbox 165 1748 353 1820; x_wconf 90' lang='lat' dir='ltr'>pinion</span> <span class='ocrx_word' id='word_1_162' title='bbox 379 1767 695 1818; x_wconf 88' lang='lat' dir='ltr'>commune,</span> <span class='ocrx_word' id='word_1_163' title='bbox 724 1750 820 1821; x_wconf 89' lang='lat' dir='ltr'>qui</span> <span class='ocrx_word' id='word_1_164' title='bbox 863 1769 892 1804; x_wconf 88' lang='grc'>3</span> <span class='ocrx_word' id='word_1_165' title='bbox 919 1750 1013 1805; x_wconf 87' lang='grc'><strong>(135</strong></span> <span class='ocrx_word' id='word_1_166' title='bbox 1054 1749 1381 1804; x_wconf 89' lang='lat' dir='ltr'>fondemens</span> <span class='ocrx_word' id='word_1_167' title='bbox 1407 1765 1555 1803; x_wconf 89' lang='lat' dir='ltr'>assez</span> <span class='ocrx_word' id='word_1_168' title='bbox 1581 1747 1833 1802; x_wconf 84' lang='lat' dir='ltr'>difficiles</span> <span class='ocrx_word' id='word_1_169' title='bbox 1855 1748 1883 1800; x_wconf 82' lang='grc'>3</span> <span class='ocrx_word' id='word_1_170' title='bbox 1904 1749 1988 1801; x_wconf 80' lang='lat' dir='ltr'>re-</span> 
     </span>
     <span class='ocr_line' id='line_1_20' title="bbox 106 1843 1990 1918; baseline 0.001 -23"><span class='ocrx_word' id='word_1_171' title='bbox 106 1866 132 1896; x_wconf 90' lang='lat'>«</span> <span class='ocrx_word' id='word_1_172' title='bbox 165 1846 386 1915; x_wconf 88' lang='lat' dir='ltr'>soudre,</span> <span class='ocrx_word' id='word_1_173' title='bbox 424 1864 640 1900; x_wconf 87' lang='lat' dir='ltr'>comme</span> <span class='ocrx_word' id='word_1_174' title='bbox 683 1847 724 1900; x_wconf 94' lang='lat' dir='ltr'>il</span> <span class='ocrx_word' id='word_1_175' title='bbox 753 1864 780 1900; x_wconf 87' lang='lat' dir='ltr'>a</span> <span class='ocrx_word' id='word_1_176' title='bbox 809 1848 895 1901; x_wconf 86' lang='grc'>313</span> <span class='ocrx_word' id='word_1_177' title='bbox 928 1847 1050 1918; x_wconf 77' lang='lat' dir='ltr'>dej&#39;a</span> <span class='ocrx_word' id='word_1_178' title='bbox 1084 1846 1184 1912; x_wconf 88' lang='lat' dir='ltr'>dit,</span> <span class='ocrx_word' id='word_1_179' title='bbox 1216 1852 1271 1901; x_wconf 92' lang='lat' dir='ltr'>et</span> <span class='ocrx_word' id='word_1_180' title='bbox 1297 1864 1352 1900; x_wconf 90' lang='grc'>33</span> <span class='ocrx_word' id='word_1_181' title='bbox 1394 1853 1635 1917; x_wconf 81' lang='lat' dir='ltr'>moquent</span> <span class='ocrx_word' id='word_1_182' title='bbox 1679 1846 1743 1898; x_wconf 80' lang='lat' dir='ltr'>cle</span> <span class='ocrx_word' id='word_1_183' title='bbox 1773 1844 1900 1898; x_wconf 84' lang='lat' dir='ltr'>celle</span> <span class='ocrx_word' id='word_1_184' title='bbox 1926 1843 1990 1897; x_wconf 86' lang='grc'>(13</span> 
     </span>
     <span class='ocr_line' id='line_1_21' title="bbox 106 1938 1987 2013; baseline 0.002 -25"><span class='ocrx_word' id='word_1_185' title='bbox 106 1958 132 1989; x_wconf 87' lang='lat'>«</span> <span class='ocrx_word' id='word_1_186' title='bbox 162 1939 452 1995; x_wconf 81' lang='lat' dir='ltr'>I’ancienne</span> <span class='ocrx_word' id='word_1_187' title='bbox 496 1942 779 1997; x_wconf 78' lang='lat' dir='ltr'>Sorbomze.</span> <span class='ocrx_word' id='word_1_188' title='bbox 815 1962 842 1992; x_wconf 88' lang='lat'>»</span> <span class='ocrx_word' id='word_1_189' title='bbox 877 1943 1067 2013; x_wconf 89' lang='lat' dir='ltr'>(Hosee</span> <span class='ocrx_word' id='word_1_190' title='bbox 1090 1941 1233 1996; x_wconf 86' lang='lat' dir='ltr'>Petri</span> <span class='ocrx_word' id='word_1_191' title='bbox 1274 1941 1340 1995; x_wconf 88' lang='lat' dir='ltr'>de</span> <span class='ocrx_word' id='word_1_192' title='bbox 1370 1940 1548 1994; x_wconf 79' lang='lat' dir='ltr'>Marco</span> <span class='ocrx_word' id='word_1_193' title='bbox 1580 1944 1766 1994; x_wconf 82' lang='lat' dir='ltr'>textus</span> <span class='ocrx_word' id='word_1_194' title='bbox 1791 1938 1987 1992; x_wconf 85' lang='lat' dir='ltr'>citatos</span> 
     </span>
     <span class='ocr_line' id='line_1_22' title="bbox 102 2031 1986 2110; baseline -0.002 -22"><span class='ocrx_word' id='word_1_195' title='bbox 102 2037 342 2110; x_wconf 86' lang='lat' dir='ltr'>reperies</span> <span class='ocrx_word' id='word_1_196' title='bbox 387 2037 533 2110; x_wconf 85' lang='lat' dir='ltr'>apud</span> <span class='ocrx_word' id='word_1_197' title='bbox 562 2038 834 2106; x_wconf 87' lang='lat' dir='ltr'>Zaccaria,</span> <span class='ocrx_word' id='word_1_198' title='bbox 868 2037 1260 2108; x_wconf 74' lang='lat' dir='ltr'>Antifebronius</span> <span class='ocrx_word' id='word_1_199' title='bbox 1297 2036 1615 2102; x_wconf 72' lang='grc' dir='ltr'><strong>3111ἀί331113,</strong></span> <span class='ocrx_word' id='word_1_200' title='bbox 1662 2033 1884 2088; x_wconf 85' lang='lat' dir='ltr'>dissert.</span> <span class='ocrx_word' id='word_1_201' title='bbox 1924 2031 1986 2100; x_wconf 91' lang='lat' dir='ltr'>V,</span> 
     </span>
     <span class='ocr_line' id='line_1_23' title="bbox 101 2130 1984 2207; baseline -0.002 -20"><span class='ocrx_word' id='word_1_202' title='bbox 101 2150 223 2206; x_wconf 88' lang='lat' dir='ltr'>cap.</span> <span class='ocrx_word' id='word_1_203' title='bbox 246 2154 300 2200; x_wconf 84' lang='lat'>11,</span> <span class='ocrx_word' id='word_1_204' title='bbox 329 2153 386 2188; x_wconf 90' lang='grc'>3.</span> <span class='ocrx_word' id='word_1_205' title='bbox 417 2136 470 2189; x_wconf 83' lang='grc'>5.</span> <span class='ocrx_word' id='word_1_206' title='bbox 498 2134 618 2207; x_wconf 88' lang='grc'><strong>11153</strong></span> <span class='ocrx_word' id='word_1_207' title='bbox 660 2142 844 2190; x_wconf 88' lang='grc'><strong>331313</strong></span> <span class='ocrx_word' id='word_1_208' title='bbox 866 2134 1118 2189; x_wconf 87' lang='lat' dir='ltr'>Zaccaria</span> <span class='ocrx_word' id='word_1_209' title='bbox 1142 2152 1234 2189; x_wconf 91' lang='lat' dir='ltr'>eos</span> <span class='ocrx_word' id='word_1_210' title='bbox 1261 2132 1606 2206; x_wconf 84' lang='lat' dir='ltr'>deprompsit</span> <span class='ocrx_word' id='word_1_211' title='bbox 1644 2149 1710 2186; x_wconf 79' lang='lat' dir='ltr'>ex</span> <span class='ocrx_word' id='word_1_212' title='bbox 1735 2130 1984 2197; x_wconf 79' lang='lat' dir='ltr'>Cliarlas,</span> 
     </span>
     <span class='ocr_line' id='line_1_24' title="bbox 106 2221 1985 2302; baseline -0.002 -19"><span class='ocrx_word' id='word_1_213' title='bbox 106 2230 195 2299; x_wconf 84' lang='grc'><strong>((13</strong></span> <span class='ocrx_word' id='word_1_214' title='bbox 226 2231 275 2282; x_wconf 83' lang='lat' dir='ltr'>Ia</span> <span class='ocrx_word' id='word_1_215' title='bbox 303 2231 587 2284; x_wconf 76' lang='lat' dir='ltr'>Puissance</span> <span class='ocrx_word' id='word_1_216' title='bbox 617 2233 679 2284; x_wconf 83' lang='grc'>(13</span> <span class='ocrx_word' id='word_1_217' title='bbox 705 2221 934 2300; x_wconf 73' lang='lat' dir='ltr'>l&#39;quise,</span> <span class='ocrx_word' id='word_1_218' title='bbox 968 2248 1090 2302; x_wconf 80' lang='lat' dir='ltr'>pag.</span> <span class='ocrx_word' id='word_1_219' title='bbox 1137 2230 1208 2283; x_wconf 82' lang='lat'>90</span> <span class='ocrx_word' id='word_1_220' title='bbox 1234 2237 1286 2284; x_wconf 85' lang='lat' dir='ltr'>et</span> <span class='ocrx_word' id='word_1_221' title='bbox 1328 2239 1469 2299; x_wconf 86' lang='lat' dir='ltr'>seq.)</span> <span class='ocrx_word' id='word_1_222' title='bbox 1503 2229 1754 2289; x_wconf 84' lang='lat' dir='ltr'>Quanam</span> <span class='ocrx_word' id='word_1_223' title='bbox 1800 2233 1985 2282; x_wconf 90' lang='lat' dir='ltr'>autem</span> 
     </span>
     <span class='ocr_line' id='line_1_25' title="bbox 105 2322 1987 2394; baseline -0.001 -16"><span class='ocrx_word' id='word_1_224' title='bbox 105 2323 173 2378; x_wconf 93' lang='lat' dir='ltr'>de</span> <span class='ocrx_word' id='word_1_225' title='bbox 212 2339 377 2378; x_wconf 85' lang='lat' dir='ltr'>eausa</span> <span class='ocrx_word' id='word_1_226' title='bbox 399 2324 671 2392; x_wconf 81' lang='lat' dir='ltr'>Bolusius,</span> <span class='ocrx_word' id='word_1_227' title='bbox 701 2324 795 2394; x_wconf 92' lang='lat' dir='ltr'>qui</span> <span class='ocrx_word' id='word_1_228' title='bbox 843 2325 984 2378; x_wconf 87' lang='grc'><strong>11333</strong></span> <span class='ocrx_word' id='word_1_229' title='bbox 1011 2324 1458 2378; x_wconf 80' lang='lat' dir='ltr'>dissertationem</span> <span class='ocrx_word' id='word_1_230' title='bbox 1492 2341 1522 2377; x_wconf 88' lang='grc'>3</span> <span class='ocrx_word' id='word_1_231' title='bbox 1545 2322 1784 2376; x_wconf 79' lang='lat' dir='ltr'>dictante</span> <span class='ocrx_word' id='word_1_232' title='bbox 1832 2339 1987 2377; x_wconf 86' lang='lat' dir='ltr'>exee-</span> 
     </span>
     <span class='ocr_line' id='line_1_26' title="bbox 106 2418 1985 2491; baseline -0.001 -18"><span class='ocrx_word' id='word_1_233' title='bbox 106 2424 284 2490; x_wconf 84' lang='lat' dir='ltr'>perat,</span> <span class='ocrx_word' id='word_1_234' title='bbox 312 2435 431 2472; x_wconf 89' lang='lat' dir='ltr'>eam</span> <span class='ocrx_word' id='word_1_235' title='bbox 457 2419 599 2473; x_wconf 85' lang='lat' dir='ltr'>Petri</span> <span class='ocrx_word' id='word_1_236' title='bbox 625 2419 690 2473; x_wconf 90' lang='lat' dir='ltr'>de</span> <span class='ocrx_word' id='word_1_237' title='bbox 722 2418 896 2473; x_wconf 88' lang='lat' dir='ltr'>Marea</span> <span class='ocrx_word' id='word_1_238' title='bbox 922 2419 1180 2491; x_wconf 89' lang='lat' dir='ltr'>operibus</span> <span class='ocrx_word' id='word_1_239' title='bbox 1207 2437 1316 2473; x_wconf 93' lang='lat' dir='ltr'>non</span> <span class='ocrx_word' id='word_1_240' title='bbox 1335 2418 1654 2487; x_wconf 78' lang='lat' dir='ltr'>inseruerit,</span> <span class='ocrx_word' id='word_1_241' title='bbox 1685 2418 1985 2473; x_wconf 85' lang='lat' dir='ltr'>adnotatur</span> 
     </span>
     <span class='ocr_line' id='line_1_27' title="bbox 103 2513 1987 2587; baseline 0 -19"><span class='ocrx_word' id='word_1_242' title='bbox 103 2514 268 2582; x_wconf 86' lang='lat' dir='ltr'>infra,</span> <span class='ocrx_word' id='word_1_243' title='bbox 299 2532 361 2568; x_wconf 87' lang='lat' dir='ltr'>ex</span> <span class='ocrx_word' id='word_1_244' title='bbox 401 2515 556 2569; x_wconf 86' lang='lat' dir='ltr'>Patre</span> <span class='ocrx_word' id='word_1_245' title='bbox 581 2514 775 2587; x_wconf 85' lang='lat' dir='ltr'>Rapin.</span> <span class='ocrx_word' id='word_1_246' title='bbox 813 2514 1079 2570; x_wconf 81' lang='lat' dir='ltr'>Caeterum</span> <span class='ocrx_word' id='word_1_247' title='bbox 1115 2514 1348 2587; x_wconf 83' lang='lat' dir='ltr'>ipsemet</span> <span class='ocrx_word' id='word_1_248' title='bbox 1375 2514 1630 2568; x_wconf 84' lang='lat' dir='ltr'>Baluzius</span> <span class='ocrx_word' id='word_1_249' title='bbox 1658 2513 1724 2567; x_wconf 87' lang='lat' dir='ltr'>de</span> <span class='ocrx_word' id='word_1_250' title='bbox 1752 2515 1850 2568; x_wconf 87' lang='grc'><strong>1133</strong></span> <span class='ocrx_word' id='word_1_251' title='bbox 1878 2515 1987 2568; x_wconf 88' lang='grc'><strong>(115-</strong></span> 
     </span>
     <span class='ocr_line' id='line_1_28' title="bbox 103 2611 813 2667; baseline 0 -2"><span class='ocrx_word' id='word_1_252' title='bbox 103 2612 407 2666; x_wconf 85' lang='grc'><strong>531·1311033</strong></span> <span class='ocrx_word' id='word_1_253' title='bbox 440 2611 516 2666; x_wconf 89' lang='grc'>513</span> <span class='ocrx_word' id='word_1_254' title='bbox 543 2618 780 2667; x_wconf 81' lang='lat' dir='ltr'>testatur</span> <span class='ocrx_word' id='word_1_255' title='bbox 803 2634 813 2665; x_wconf 75' lang='grc' dir='ltr'>ε</span> 
     </span>
    </p>

    <p class='ocr_par' dir='ltr' id='par_1_6' title="bbox 99 2699 1985 3168">
     <span class='ocr_line' id='line_1_29' title="bbox 181 2699 1981 2782; baseline 0.002 -22"><span class='ocrx_word' id='word_1_256' title='bbox 181 2730 206 2760; x_wconf 77' lang='grc'>(1</span> <span class='ocrx_word' id='word_1_257' title='bbox 235 2709 549 2781; x_wconf 86' lang='lat' dir='ltr'>Composuit</span> <span class='ocrx_word' id='word_1_258' title='bbox 593 2709 690 2763; x_wconf 87' lang='lat' dir='ltr'>illa</span> <span class='ocrx_word' id='word_1_259' title='bbox 727 2714 1052 2782; x_wconf 87' lang='lat' dir='ltr'>tempestate</span> <span class='ocrx_word' id='word_1_260' title='bbox 1091 2711 1258 2782; x_wconf 89' lang='lat' dir='ltr'>(anno</span> <span class='ocrx_word' id='word_1_261' title='bbox 1306 2710 1498 2781; x_wconf 82' lang='grc'><strong>1661),</strong></span> <span class='ocrx_word' id='word_1_262' title='bbox 1542 2710 1736 2782; x_wconf 77' lang='lat' dir='ltr'>gallica</span> <span class='ocrx_word' id='word_1_263' title='bbox 1758 2699 1981 2781; x_wconf 78' lang='lat' dir='ltr'>lingua,</span> 
     </span>
     <span class='ocr_line' id='line_1_30' title="bbox 99 2805 1983 2880; baseline 0.001 -20"><span class='ocrx_word' id='word_1_264' title='bbox 99 2805 544 2861; x_wconf 85' lang='lat' dir='ltr'>dissertationem</span> <span class='ocrx_word' id='word_1_265' title='bbox 577 2807 644 2861; x_wconf 91' lang='grc'>(13</span> <span class='ocrx_word' id='word_1_266' title='bbox 669 2806 1067 2861; x_wconf 85' lang='lat' dir='ltr'>infallibilitate</span> <span class='ocrx_word' id='word_1_267' title='bbox 1106 2808 1281 2880; x_wconf 68' lang='lat' dir='ltr'>Papae,</span> <span class='ocrx_word' id='word_1_268' title='bbox 1313 2827 1478 2879; x_wconf 87' lang='lat' dir='ltr'>quam</span> <span class='ocrx_word' id='word_1_269' title='bbox 1525 2826 1620 2880; x_wconf 81' lang='lat' dir='ltr'>ego</span> <span class='ocrx_word' id='word_1_270' title='bbox 1649 2809 1716 2863; x_wconf 86' lang='lat' dir='ltr'>ab</span> <span class='ocrx_word' id='word_1_271' title='bbox 1743 2826 1837 2864; x_wconf 90' lang='lat' dir='ltr'>ore</span> <span class='ocrx_word' id='word_1_272' title='bbox 1868 2808 1983 2862; x_wconf 86' lang='lat' dir='ltr'>dic-</span> 
     </span>
     <span class='ocr_line' id='line_1_31' title="bbox 102 2902 1985 2977; baseline 0.001 -20"><span class='ocrx_word' id='word_1_273' title='bbox 102 2902 271 2958; x_wconf 84' lang='lat' dir='ltr'>tantis</span> <span class='ocrx_word' id='word_1_274' title='bbox 297 2903 500 2975; x_wconf 79' lang='lat' dir='ltr'>excepi.</span> <span class='ocrx_word' id='word_1_275' title='bbox 560 2903 630 2957; x_wconf 91' lang='lat' dir='ltr'>Ea</span> <span class='ocrx_word' id='word_1_276' title='bbox 666 2903 770 2958; x_wconf 88' lang='lat' dir='ltr'>fuit</span> <span class='ocrx_word' id='word_1_277' title='bbox 815 2909 1094 2976; x_wconf 88' lang='lat' dir='ltr'>postrema</span> <span class='ocrx_word' id='word_1_278' title='bbox 1148 2905 1606 2960; x_wconf 86' lang='lat' dir='ltr'>lucubrationum</span> <span class='ocrx_word' id='word_1_279' title='bbox 1633 2905 1753 2976; x_wconf 87' lang='lat' dir='ltr'>ejus</span> <span class='ocrx_word' id='word_1_280' title='bbox 1807 2927 1832 2957; x_wconf 91' lang='lat'>»</span> <span class='ocrx_word' id='word_1_281' title='bbox 1866 2905 1985 2977; x_wconf 86' lang='lat' dir='ltr'>(Ba-</span> 
     </span>
     <span class='ocr_line' id='line_1_32' title="bbox 102 2997 1980 3073; baseline 0.002 -23"><span class='ocrx_word' id='word_1_282' title='bbox 102 2997 280 3052; x_wconf 90' lang='lat' dir='ltr'>luzius</span> <span class='ocrx_word' id='word_1_283' title='bbox 334 2998 391 3051; x_wconf 90' lang='lat' dir='ltr'>in</span> <span class='ocrx_word' id='word_1_284' title='bbox 417 2998 532 3054; x_wconf 76' lang='lat' dir='ltr'>Vita</span> <span class='ocrx_word' id='word_1_285' title='bbox 562 3000 705 3054; x_wconf 79' lang='lat' dir='ltr'>Petri</span> <span class='ocrx_word' id='word_1_286' title='bbox 742 3003 806 3055; x_wconf 79' lang='grc'>(13</span> <span class='ocrx_word' id='word_1_287' title='bbox 826 3000 1020 3070; x_wconf 73' lang='lat' dir='ltr'>Marcu,</span> <span class='ocrx_word' id='word_1_288' title='bbox 1075 3019 1244 3073; x_wconf 89' lang='lat' dir='ltr'>quam</span> <span class='ocrx_word' id='word_1_289' title='bbox 1299 3001 1530 3057; x_wconf 88' lang='lat' dir='ltr'>editioni</span> <span class='ocrx_word' id='word_1_290' title='bbox 1578 3004 1697 3073; x_wconf 80' lang='lat' dir='ltr'>ejus</span> <span class='ocrx_word' id='word_1_291' title='bbox 1747 3019 1980 3073; x_wconf 89' lang='lat' dir='ltr'>operum</span> 
     </span>
     <span class='ocr_line' id='line_1_33' title="bbox 101 3094 1643 3168; baseline 0.001 -19"><span class='ocrx_word' id='word_1_292' title='bbox 101 3094 391 3168; x_wconf 83' lang='lat' dir='ltr'>praemisit,</span> <span class='ocrx_word' id='word_1_293' title='bbox 427 3112 548 3167; x_wconf 83' lang='lat' dir='ltr'>pag.</span> <span class='ocrx_word' id='word_1_294' title='bbox 586 3095 681 3165; x_wconf 87' lang='grc'>40,</span> <span class='ocrx_word' id='word_1_295' title='bbox 707 3097 762 3151; x_wconf 90' lang='grc'>111</span> <span class='ocrx_word' id='word_1_296' title='bbox 789 3098 1032 3153; x_wconf 87' lang='lat' dir='ltr'>editione</span> <span class='ocrx_word' id='word_1_297' title='bbox 1058 3098 1426 3167; x_wconf 74' lang='lat' dir='ltr'>Francosurti,</span> <span class='ocrx_word' id='word_1_298' title='bbox 1454 3098 1643 3165; x_wconf 78' lang='lat'>1708).</span> 
     </span>
    </p>

    <p class='ocr_par' dir='ltr' id='par_1_7' title="bbox 100 3190 1983 3653">
     <span class='ocr_line' id='line_1_34' title="bbox 176 3190 1983 3265; baseline 0.002 -21"><span class='ocrx_word' id='word_1_299' title='bbox 176 3190 338 3262; x_wconf 73' lang='lat' dir='ltr'>Typis</span> <span class='ocrx_word' id='word_1_300' title='bbox 374 3208 520 3245; x_wconf 89' lang='lat' dir='ltr'>nunc</span> <span class='ocrx_word' id='word_1_301' title='bbox 561 3191 858 3247; x_wconf 87' lang='lat' dir='ltr'>mandatur</span> <span class='ocrx_word' id='word_1_302' title='bbox 895 3195 1002 3248; x_wconf 90' lang='lat' dir='ltr'>huc</span> <span class='ocrx_word' id='word_1_303' title='bbox 1026 3212 1202 3265; x_wconf 83' lang='lat' dir='ltr'>usque.</span> <span class='ocrx_word' id='word_1_304' title='bbox 1238 3194 1508 3249; x_wconf 91' lang='lat' dir='ltr'>ineditum</span> <span class='ocrx_word' id='word_1_305' title='bbox 1542 3211 1681 3265; x_wconf 85' lang='lat' dir='ltr'>opus</span> <span class='ocrx_word' id='word_1_306' title='bbox 1710 3194 1983 3249; x_wconf 79' lang='lat' dir='ltr'>Me&#39;moires</span> 
     </span>
     <span class='ocr_line' id='line_1_35' title="bbox 101 3286 1980 3362; baseline 0.003 -22"><span class='ocrx_word' id='word_1_307' title='bbox 101 3286 169 3340; x_wconf 79' lang='lat' dir='ltr'>du</span> <span class='ocrx_word' id='word_1_308' title='bbox 197 3286 259 3340; x_wconf 92' lang='lat' dir='ltr'>P.</span> <span class='ocrx_word' id='word_1_309' title='bbox 300 3287 490 3357; x_wconf 71' lang='lat' dir='ltr'>Rapite,</span> <span class='ocrx_word' id='word_1_310' title='bbox 520 3288 582 3341; x_wconf 84' lang='lat' dir='ltr'>de</span> <span class='ocrx_word' id='word_1_311' title='bbox 612 3287 663 3341; x_wconf 88' lang='grc' dir='ltr'>Ια</span> <span class='ocrx_word' id='word_1_312' title='bbox 695 3287 1006 3358; x_wconf 69' lang='lat' dir='ltr'>Compaqnie</span> <span class='ocrx_word' id='word_1_313' title='bbox 1036 3290 1098 3343; x_wconf 82' lang='grc'>(13</span> <span class='ocrx_word' id='word_1_314' title='bbox 1121 3290 1318 3351; x_wconf 80' lang='lat' dir='ltr'>Je&#39;sus‚·</span> <span class='ocrx_word' id='word_1_315' title='bbox 1349 3290 1405 3343; x_wconf 93' lang='lat' dir='ltr'>in</span> <span class='ocrx_word' id='word_1_316' title='bbox 1440 3308 1548 3361; x_wconf 88' lang='lat' dir='ltr'>quo</span> <span class='ocrx_word' id='word_1_317' title='bbox 1576 3291 1711 3362; x_wconf 87' lang='lat' dir='ltr'>quid</span> <span class='ocrx_word' id='word_1_318' title='bbox 1746 3291 1980 3346; x_wconf 86' lang='lat' dir='ltr'>senserit</span> 
     </span>
     <span class='ocr_line' id='line_1_36' title="bbox 100 3383 1978 3459; baseline 0.003 -23"><span class='ocrx_word' id='word_1_319' title='bbox 100 3399 161 3436; x_wconf 86' lang='grc'>33</span> <span class='ocrx_word' id='word_1_320' title='bbox 186 3383 356 3454; x_wconf 85' lang='lat' dir='ltr'>egerit</span> <span class='ocrx_word' id='word_1_321' title='bbox 383 3384 575 3439; x_wconf 88' lang='lat' dir='ltr'>Petrus</span> <span class='ocrx_word' id='word_1_322' title='bbox 603 3384 670 3438; x_wconf 89' lang='grc'>(13</span> <span class='ocrx_word' id='word_1_323' title='bbox 710 3384 908 3453; x_wconf 85' lang='lat' dir='ltr'>Marca,</span> <span class='ocrx_word' id='word_1_324' title='bbox 949 3385 1230 3440; x_wconf 87' lang='lat' dir='ltr'>occasione</span> <span class='ocrx_word' id='word_1_325' title='bbox 1259 3388 1496 3459; x_wconf 65' lang='grc'><strong>1111313133</strong></span> <span class='ocrx_word' id='word_1_326' title='bbox 1522 3388 1691 3442; x_wconf 87' lang='grc'><strong>1113515</strong></span> <span class='ocrx_word' id='word_1_327' title='bbox 1716 3388 1784 3442; x_wconf 90' lang='grc'>(13</span> <span class='ocrx_word' id='word_1_328' title='bbox 1815 3387 1978 3442; x_wconf 83' lang='lat' dir='ltr'>insal-</span> 
     </span>
     <span class='ocr_line' id='line_1_37' title="bbox 104 3478 1978 3558; baseline 0.004 -25"><span class='ocrx_word' id='word_1_329' title='bbox 104 3478 358 3535; x_wconf 81' lang='lat' dir='ltr'>libilitote</span> <span class='ocrx_word' id='word_1_330' title='bbox 383 3482 557 3554; x_wconf 81' lang='lat' dir='ltr'>Papae,</span> <span class='ocrx_word' id='word_1_331' title='bbox 587 3481 673 3535; x_wconf 91' lang='lat' dir='ltr'>die</span> <span class='ocrx_word' id='word_1_332' title='bbox 702 3481 768 3536; x_wconf 81' lang='lat'>12</span> <span class='ocrx_word' id='word_1_333' title='bbox 794 3482 1102 3538; x_wconf 87' lang='lat' dir='ltr'>decembris</span> <span class='ocrx_word' id='word_1_334' title='bbox 1131 3483 1266 3538; x_wconf 47' lang='lat'><strong>‘1661</strong></span> <span class='ocrx_word' id='word_1_335' title='bbox 1300 3483 1356 3538; x_wconf 89' lang='lat' dir='ltr'>in</span> <span class='ocrx_word' id='word_1_336' title='bbox 1380 3485 1718 3540; x_wconf 87' lang='lat' dir='ltr'>Jesuitarum</span> <span class='ocrx_word' id='word_1_337' title='bbox 1746 3486 1978 3558; x_wconf 83' lang='lat' dir='ltr'>collegio</span> 
     </span>
     <span class='ocr_line' id='line_1_38' title="bbox 105 3577 1978 3653; baseline 0.003 -22"><span class='ocrx_word' id='word_1_338' title='bbox 105 3584 479 3650; x_wconf 59' lang='lat' dir='ltr'>propugnatio,</span> <span class='ocrx_word' id='word_1_339' title='bbox 532 3578 586 3632; x_wconf 92' lang='lat' dir='ltr'>in</span> <span class='ocrx_word' id='word_1_340' title='bbox 640 3577 788 3634; x_wconf 90' lang='lat' dir='ltr'>hunc</span> <span class='ocrx_word' id='word_1_341' title='bbox 823 3580 1049 3635; x_wconf 87' lang='lat' dir='ltr'>modum</span> <span class='ocrx_word' id='word_1_342' title='bbox 1077 3580 1372 3653; x_wconf 81' lang='lat' dir='ltr'>exponitur</span> <span class='ocrx_word' id='word_1_343' title='bbox 1402 3602 1412 3634; x_wconf 92' lang='lat'>:</span> <span class='ocrx_word' id='word_1_344' title='bbox 1446 3603 1474 3634; x_wconf 88' lang='lat'>«</span> <span class='ocrx_word' id='word_1_345' title='bbox 1507 3582 1691 3638; x_wconf 71' lang='lat' dir='ltr'>C&#39;etait</span> <span class='ocrx_word' id='word_1_346' title='bbox 1726 3582 1777 3637; x_wconf 94' lang='lat' dir='ltr'>le</span> <span class='ocrx_word' id='word_1_347' title='bbox 1809 3582 1978 3639; x_wconf 89' lang='lat' dir='ltr'>senti-</span> 
     </span>
    </p>
   </div>
  </div>
 </body>
</html>
