2372 4108
343 273 434 319 120
1017 258 1315 327 TRACTATUS
1347 259 1414 307 DE
1444 259 1589 306 PAPA.

343 398 482 454 pum
513 376 710 433 Africae
739 368 1052 428 Antlstibus
1082 366 1500 443 praecipientem
1525 410 1540 437 ‚
1569 372 1623 423 et
1644 365 1981 424 universalis
2006 366 2265 425 Ecclesiae
2350 413 2372 423 ,

342 495 538 534 curam
571 491 636 529 ex
661 471 835 526 diviua
868 469 1206 524 institutione
1240 467 1350 524 sibi
1398 472 1766 524 asserentem.
1808 466 1885 523 Ex
1923 467 2050 523 aliis
2093 486 2265 542 quam

342 570 605 648 plurimis
625 613 637 637 ,
699 584 824 640 quae
879 565 1084 623 adduci
1139 573 1369 642 possent
1389 612 1402 637 ,
1458 566 1636 624 sancti
1685 565 1886 623 Leonis
1935 567 2232 624 sententiis
2253 613 2269 640 ,

343 670 640 739 sequentes
671 663 968 719 dumtaxat
995 663 1386 738 subjiciemus

418 767 577 822 Anno
611 765 722 821 445
743 811 756 838 ,
811 763 879 820 ad
911 763 1246 821 Viennensis
1277 764 1585 821 Provinciae
1612 764 1916 840 Episcopos
1970 787 1980 819 :
2034 787 2061 818 «
2094 765 2271 841 Hujus

343 863 601 920 muneris
631 869 1051 919 sacramentum
1083 863 1160 919 ita
1190 862 1464 919 Dominus
1497 863 1565 918 ad
1594 863 1852 919 omnium
1889 865 2268 939 apostolorum

343 965 592 1022 officium
619 963 903 1039 pertinere
925 963 1124 1034 voluit,
1142 970 1206 1020 ut
1228 963 1287 1020 in
1319 964 1649 1021 beatissimo
1675 963 1859 1035 Petr0,
1885 966 2274 1040 apostolorum

343 1065 599 1122 omnium
634 1083 881 1134 summo,
914 1067 1287 1139 principaliter
1310 1067 1612 1131 collocaret;
1644 1071 1812 1139 atque
1839 1067 1907 1122 ab
1936 1066 2080 1141 iPSO,
2110 1067 2272 1140 quasi

345 1163 591 1236 quodam
622 1161 835 1236 capite,
867 1161 1015 1217 dona
1050 1180 1153 1218 sua
1181 1163 1346 1218 vellet
1379 1163 1437 1218 in
1469 1181 1674 1237 corpus
1712 1181 1880 1218 omne
1908 1180 2172 1230 manare3
2209 1170 2273 1220 ut

346 1265 623 1316 exsortem
651 1275 708 1313 se
739 1257 995 1332 mysterii
1023 1257 1360 1331 intelligeret
1389 1277 1512 1315 esse
1546 1258 1722 1314 divini
1746 1259 1843 1332 qui
1867 1279 2042 1315 ausus
2072 1260 2274 1316 fuisset

346 1379 375 1415 a
398 1359 546 1415 Petri
567 1358 847 1414 soliditate
874 1357 1211 1414 recedere...
1227 1358 1433 1414 Verum
1453 1360 1598 1415 hane
1618 1359 1791 1415 Petrae
1817 1360 1983 1416 istius
2016 1361 2275 1417 sacratis-

341 1458 546 1513 simam
583 1445 986 1512 firmitatem...
1018 1456 1192 1512 nimis
1224 1457 1399 1531 impia
1428 1458 1543 1512 vult
1572 1459 2014 1532 praesumptione
2043 1458 2273 1528 violare,

344 1554 606 1628 quisquis
633 1555 755 1628 ejus
788 1559 1122 1628 potestatem
1153 1559 1333 1610 tentat
1359 1554 1740 1628 infringere...
1761 1555 2065 1611 Nobiscum
2087 1555 2277 1629 itaque

344 1659 527 1709 vestra
567 1652 893 1708 fraternitas
938 1658 1330 1725 recognoscat,
1383 1653 1746 1727 Apostolicam
1795 1654 2020 1723 Sedem,
2049 1673 2148 1729 pro
2188 1655 2277 1711 sui

349 1752 688 1822 reverentia,
726 1770 754 1806 a
788 1758 987 1806 vestrae
1017 1752 1184 1807 etiam
1215 1752 1517 1825 provinciae
1542 1751 1930 1809 sacerdotibus
1962 1753 2278 1809 innumeris

350 1848 723 1904 relationibus
754 1865 874 1903 esse
911 1848 1269 1912 consultam3
1304 1854 1356 1902 et
1383 1865 1483 1922 per
1512 1847 1887 1918 diversarum,
1912 1850 2279 1922 quemadmo-

351 1949 485 2003 dum
514 1954 672 2004 vetus
718 1947 1066 2004 consuetudo
1105 1948 1402 2022 poscebat,
1446 1948 1854 2022 appellationem
1877 1967 2159 2005 causemini
2191 1961 2281 2007 aut

351 2055 642 2103 retraetata
670 2050 1099 2120 autconsirmata
1120 2050 1290 2121 fnisse
1319 2048 1602 2119 judicia...
1655 2047 1757 2102 Sed
1802 2048 1954 2102 hune
1993 2049 2277 2106 tramitem

354 2166 575 2223 semper
609 2147 756 2203 inter
783 2148 1024 2221 majores
1055 2153 1277 2202 nostros
1326 2153 1377 2202 et
1419 2146 1561 2201 bene
1611 2152 1833 2202 tantum
1882 2153 1933 2202 et
1980 2148 2280 2205 salubriter

355 2247 754 2316 constitutum,
790 2245 1072 2314 Hilarum,
1134 2245 1518 2301 Ecclesiarum
1569 2251 1776 2301 statum
1818 2237 1893 2301 et*
1922 2247 2280 2304 concordiam

357 2345 715 2402 sacerdotum
770 2345 930 2400 novis
981 2342 1526 2418 praesumptionibus
1566 2344 1900 2399 turbaturus
1922 2388 1935 2413 ,
2007 2345 2277 2413 excessit3

357 2445 434 2500 ita
481 2463 595 2500 suae
638 2463 735 2499 vos
779 2443 1015 2518 cupiens
1062 2443 1300 2498 subdere
1331 2442 1615 2517 potestati,
1649 2450 1705 2497 ut
1755 2461 1812 2498 se
1843 2443 1991 2499 beato
2028 2445 2281 2517 Apostolo

354 2545 514 2600 Petro
548 2562 654 2600 non
681 2546 917 2617 patiatur
939 2562 1052 2599 esse
1074 2545 1461 2617 subjectum...;
1503 2542 1685 2618 ipsius
1719 2560 1944 2616 quoque
1966 2543 2283 2600 beatissimi

355 2644 501 2700 Petri
535 2643 904 2700 reverentiam
939 2644 1123 2700 verbis
1149 2643 1635 2716 arrogantioribus
1660 2643 1969 2699 minuendo
1993 2663 2003 2712 3
2028 2644 2121 2699 cui
2152 2662 2281 2699 cum

358 2760 472 2815 prae
491 2742 706 2798 caeteris
728 2742 980 2798 solvendi
1001 2749 1053 2798 et
1073 2741 1288 2815 ligandi
1311 2741 1519 2797 tradita
1539 2741 1611 2797 sit
1627 2743 2286 2817 potestaS,pascendarum

362 2847 539 2893 tamen
572 2841 746 2893 ovium
768 2841 1053 2911 specialius
1084 2859 1213 2896 eura
1247 2841 1499 2896 mandata
1537 2847 1635 2897 est.
1671 2840 1770 2895 Cui
1802 2839 2062 2913 quisquis
2090 2842 2288 2913 princi-

361 2941 546 3006 patum
601 2935 826 2988 aestimat
869 2936 1231 3007 cleneyamlum
1259 2981 1270 3004 ,
1322 2939 1464 2992 illius
1517 2938 1727 3010 quidem
1767 2939 2065 2994 nullomodo
2120 2946 2290 3011 potest

363 3036 603 3089 minuere
635 3033 948 3106 cliyiiitatem
970 3076 984 3103 ,
1013 3035 1106 3089 secl
1135 3035 1347 3106 inflatus
1377 3035 1583 3108 Spiritu
1613 3038 1880 3109 superbiae
1915 3056 2027 3093 suae
2049 3079 2063 3106 ,
2098 3046 2288 3094 semet-

363 3136 535 3206 ipsum
583 3134 635 3188 in
685 3134 897 3206 inferna
945 3134 1256 3206 (leme1·9it»
1322 3134 1494 3209 (apud
1557 3135 1858 3205 Sirmond,
1910 3136 2287 3193 Conciliorum

362 3238 518 3287 tomo
550 3232 591 3302 1,
626 3250 750 3307 pag.
786 3231 880 3303 80,
915 3232 1050 3288 edit.
1089 3232 1340 3305 ParisiiS‚
1379 3235 1573 3309 1629).
1615 3235 1793 3291 Habes
1820 3236 2002 3311 capite
2031 3238 2291 3310 sequenti

364 3331 652 3386 decretum
702 3330 1075 3387 Valentiniani
1130 3332 1526 3408 imperatoris,
1577 3353 1687 3408 quo
1744 3335 1975 3392 sancitis
2025 3355 2055 3392 a
2102 3343 2292 3393 sancto

364 3431 541 3486 Leone
581 3431 639 3486 in
683 3431 785 3486 hae
819 3431 1055 3508 epistola
1104 3433 1320 3489 brachii
1365 3435 1651 3492 saecularis
1695 3434 2108 3491 adminiculum
2155 3455 2292 3511 prae-

367 3533 497 3584 stat.

450 3647 477 3677 «
509 3628 687 3685 Manet
734 3648 864 3703 ergo
907 3630 1202 3708 dispositio
1231 3632 1506 3704 veritatis,
1536 3639 1590 3690 et
1621 3634 1816 3690 beatus
1864 3631 2060 3688 Petrus
2099 3633 2157 3688 in
2198 3651 2291 3688 ac-

374 3728 529 3795 cepta
562 3727 893 3787 fortitudine
911 3731 1083 3788 Petrae
1109 3727 1494 3807 perseverans,
1517 3737 1777 3806 suscepta
1807 3731 2063 3788 Ecclesiae
2085 3733 2296 3805 guber-
