2410 4114
907 318 1039 366 PARS
1067 318 1236 363 PRIMA.
1960 310 2015 358 21

133 447 405 506 perpensa
426 426 838 502 jurisdictionis
863 423 1167 500 primatum
1194 422 1442 496 rigorose
1458 439 1568 477 non
1584 419 1803 496 probet,
1824 431 2021 475 omnes

132 534 319 584 tamen
347 525 515 582 simul
545 524 788 580 collectae
813 521 1001 595 aperte
1026 518 1317 587 denotant,
1345 519 1714 575 constitutum
1742 535 1772 572 a
1804 515 2021 572 Christo

133 624 354 681 Petrum
382 641 510 679 cum
543 635 804 696 suprema
827 613 1129 671 Ecclesiam
1164 615 1395 686 regendi
1419 614 1769 670 auctoritate.

569 851 594 903 5
619 849 657 889 2.
686 873 739 880 -
763 850 1072 901 Argumentum
1095 859 1117 888 e
1142 846 1314 886 Patrum
1338 843 1580 886 traditione.

2011 950 2033 957 x

210 995 487 1065 Quotquot
522 991 709 1046 Patres
737 1007 898 1045 voces
933 987 1056 1043 illas
1089 986 1292 1042 Christi
1317 983 1537 1042 Domini
1579 1002 1737 1056 super
1771 984 1903 1038 hanc
1929 983 2031 1039 Pe-

137 1100 271 1147 tram
315 1089 710 1144 intellexerunt
748 1086 817 1141 de
849 1087 1008 1150 Petro
1041 1083 1241 1154 dictas,
1273 1085 1377 1138 hoc
1408 1082 1528 1156 ipso
1571 1079 1836 1137 censendi
1873 1085 2027 1148 sunt,

138 1186 445 1242 fatentibus
477 1183 833 1252 adversariis,
863 1181 1171 1257 primatum
1209 1179 1720 1255 jurisdictionalem
1755 1178 1913 1234 Petro
1944 1195 2031 1233 as-

140 1283 398 1338 seruisse.
427 1282 565 1338 Hinc
599 1281 799 1337 merito
835 1280 892 1334 in
933 1278 1324 1335 testimonium
1359 1277 1535 1350 agniti
1578 1276 1709 1331 dicti
1753 1275 2033 1350 primatus

141 1380 481 1436 adducemus
508 1380 631 1435 illos
650 1378 818 1433 ctiam
837 1384 1046 1446 textUS,
1064 1377 1159 1449 qui
1178 1378 1401 1432 Petrum
1422 1380 1738 1430 memorant
1756 1358 2031 1444 tanquam

141 1478 356 1532 Petram
385 1495 551 1550 super
577 1495 745 1547 quam
773 1475 1042 1530 aedificata
1078 1475 1184 1528 suit
1212 1474 1479 1528 Ecclesia.

214 1574 255 1629 Ι.
293 1573 470 1628 Series
492 1573 711 1626 Patrum
737 1569 1046 1626 Graecorum.

218 1668 479 1722 Omomms,
506 1699 575 1706 —
604 1687 631 1717 «
660 1667 793 1721 Vide
820 1684 1019 1737 magno
1047 1665 1128 1718 illi
1158 1665 1411 1720 Ecclesiae
1437 1664 1826 1731 tundamentO,
1856 1671 1909 1719 et
1939 1680 2034 1737 pc-

142 1773 237 1821 lrae
276 1762 658 1831 solidissimae,
700 1778 870 1835 super
907 1779 1077 1833 quam
1111 1760 1365 1816 Christus
1409 1758 1659 1813 fundavit
1705 1758 2032 1826 Ecclesiam,

139 1860 275 1932 quid
302 1859 522 1914 dicatur
553 1857 832 1913 aDomino
868 1879 878 1910 ι
919 1857 1162 1925 Modicae,
1213 1856 1418 1929 inquit,
1457 1855 1607 1927 fidei,
1657 1874 1833 1927 quare
1874 1855 2036 1911 dubi-

142 1957 306 2013 tasti?
353 1978 380 2008 »
434 1955 688 2027 (Homilia
738 1956 792 2022 6,
849 1954 905 2008 in
948 1951 1123 2010 'Exodi
1172 1954 1355 2027 capita
1400 1972 1490 2020 xu,
1524 1972 1630 2022 x111,
1668 1971 1773 2022 x1v,
1806 1958 1958 2007 tomo
1994 1952 2034 2021 Ι,

146 2071 273 2126 pag.
300 2054 392 2120 45,
419 2051 676 2108 editionis
700 2051 930 2107 Gilberti
957 2052 1322 2121 Gencbrardi,
1350 2050 1576 2106 Parisiis
1607 2050 1796 2119 1619).
1822 2082 1891 2090 —-
1923 2070 1951 2102 «
1976 2048 2038 2105 Et

144 2150 323 2220 Pctr0,
352 2168 482 2205 cum
510 2167 732 2204 summa
763 2166 951 2204 rerum
977 2148 1043 2204 dc
1070 2149 1362 2222 pascendis
1394 2148 1591 2202 ovibus
1618 2147 1957 2218 traderetur,
1987 2154 2039 2202 et

145 2265 314 2321 super
341 2247 525 2320 ipsum
555 2247 706 2302 velut
738 2265 908 2320 super
934 2253 1145 2302 terram
1173 2246 1505 2302 fundaretur
1533 2246 1796 2315 Ecclesia,
1827 2244 2040 2300 nullius

147 2343 418 2400 confessio
451 2343 674 2399 virtutis
713 2343 943 2398 alterius
986 2343 1055 2398 ab
1094 2362 1156 2399 eo
1183 2344 1293 2399 nisi
1321 2344 1569 2399 charitas
1596 2343 1858 2415 exigitur.
1892 2363 1918 2394 »
1959 2343 2040 2415 (ln

150 2441 311 2513 epist.
342 2443 409 2495 acl
441 2443 702 2496 Romanos
735 2442 914 2515 capite
944 2462 1014 2509 vi,
1043 2443 1142 2497 lib.
1174 2444 1235 2513 V,
1267 2443 1450 2498 citatze
1479 2442 1742 2498 editionis
1782 2449 1935 2497 tomo
1970 2442 2036 2508 ll,

152 2553 278 2608 pag.
306 2535 459 2604 554).
495 2535 881 2590 Indubitatum
915 2554 1115 2609 nempe
1141 2537 1365 2608 Origeni
1402 2537 1730 2591 aedificatam
1765 2554 1794 2589 a
1825 2535 2041 2589 Christo

155 2631 327 2687 fuisse
351 2632 651 2687 Ecclesiam
684 2651 839 2706 super
866 2634 1098 2702 Petrum,
1138 2641 1190 2688 et
1232 2634 1338 2705 ipsi
1379 2633 1641 2687 traditam
1672 2650 1930 2686 summam
1961 2650 2042 2687 re-

156 2746 270 2783 rum
296 2728 353 2781 in
369 2729 623 2784 Ecclesiae
650 2729 941 2801 regimine.
972 2728 1324 2784 indubitatus
1351 2729 1587 2802 proinde
1613 2729 1791 2784 cidem
1818 2727 2043 2800 Origeni

161 2825 499 2881 honorificus
522 2834 574 2882 ct
593 2825 1058 2899 jurisdictionalis
1080 2824 1224 2879 Petri
1252 2824 1546 2898 primatus,
1594 2825 1762 2897 (Alios
1793 2823 2046 2896 Origenis

161 2929 345 2978 textus
373 2924 516 2978 idem
541 2925 876 2991 evincentcS‚
906 2923 1098 2978 citatos
1125 2922 1249 2977 vide
1271 2923 1417 2996 apud
1448 2923 1774 2990 Mamacchi,
1809 2922 2048 2993 Oriyines

165 3020 484 3089 christianae,
511 3021 550 3075 l.
576 3022 658 3089 IV,
693 3026 849 3094 parte
880 3020 936 3089 2,
966 3037 1086 3093 cap.
1117 3039 1152 3089 1,
1185 3021 1210 3091 ἕ
1240 3020 1296 3087 5,
1334 3038 1459 3094 pag.
1493 3022 1621 3089 154,
1649 3021 1786 3076 tomi
1812 3021 1874 3088 V,
1910 3020 2044 3076 edit.

167 3114 351 3170 Romae
377 3118 570 3189 1755.)

242 3211 294 3263 S.
326 3213 650 3267 Arumxsms.
683 3247 758 3254 —
796 3235 822 3266 «
866 3221 1043 3287 Πέτρος
1069 3220 1092 3269 ὁ
1122 3224 1399 3287 Κορυφᾶιος,
1441 3216 1635 3271 Petrus
1662 3216 1976 3287 Corypheus
2020 3233 2046 3264 »

174 3305 255 3374 (in
282 3306 482 3360 Psalm.
508 3326 597 3375 xv,
623 3327 672 3361 v.
702 3309 779 3378 8).

247 3401 499 3456 Ευεεειυε.
527 3435 596 3443 -
628 3425 655 3456 «
678 3404 871 3459 Petrus
896 3405 1187 3478 Apostolus
1212 3406 1437 3461 natione
1461 3405 1716 3459 Galilaeus
1735 3410 1787 3458 ct
1805 3403 2058 3459 christia-

176 3514 373 3552 norum
393 3497 638 3554 Pontifex
659 3499 878 3573 primus
904 3521 931 3552 »
956 3501 1037 3569 (in
1062 3500 1326 3556 Chronico
1347 3501 1478 3556 anni
1499 3501 1571 3554 44
1589 3519 1619 3555 a
1637 3499 1853 3555 Christo
1877 3498 2054 3571 nato).

179 3614 207 3645 «
244 3593 340 3648 Ubi
368 3601 449 3650 est
474 3596 884 3651 observandum
911 3597 1238 3665 discrimen,
1261 3598 1409 3669 quod
1435 3596 1705 3652 Eusebius
1731 3597 1887 3671 ponit
1916 3597 2061 3653 inter

178 3687 398 3745 Petrum
441 3699 492 3748 ct
536 3693 772 3749 aliarum
820 3694 1110 3750 civitatum
1152 3693 1465 3768 EpiscopOS.
1491 3693 1626 3749 Nam
1653 3694 1720 3750 de
1754 3695 1911 3750 Petro
1950 3711 2062 3749 non
