2410 4114
300 231 358 278 10
978 227 1268 275 TRACTATUS
1298 228 1364 289 DE
1396 228 1540 276 ΡΑΡΑ.

295 339 421 414 ipso
443 337 776 412 insignitus,
804 337 965 394 facile
991 337 1310 395 concedunt
1350 336 1460 412 ipsi
1484 336 1653 393 etiam
1679 335 1928 394 haeretici
1958 343 2012 394 et
2051 336 2224 394 schis-

299 438 511 495 matici.
540 437 807 494 Nituntur
845 437 1138 493 dumtaxat
1167 437 1477 511 primatum
1510 436 1687 492 istum
1729 435 1887 492 falsis
1926 454 2221 492 sacrorum

298 517 554 595 textuum
616 536 1183 611 interpretationibus
1251 536 1595 593 imminuere
1639 554 1702 592 ac
1748 535 2113 609 restringere,
2160 541 2225 592 ut

298 636 501 693 iisdem
550 642 741 711 postea
794 634 1251 692 restrictionibus
1298 635 1606 709 primatum
1660 633 1897 690 Romani
1935 633 2222 691 Pontificis

297 733 626 808 subjiciant.
660 733 768 790 Alii
789 752 919 790 vero
963 733 1283 806 acatholici,
1315 741 1374 791 ut
1416 733 1727 809 primatum
1760 733 1912 788 hunc
1950 730 2222 788 Romanis

295 832 934 890 Pontificibus‘omnino
961 831 1269 908 eriperent,
1316 838 1662 907 negaverunt
1700 836 1960 889 sanctum
1992 831 2220 887 Petrum

294 933 448 1008 ipsos
471 951 828 991 successores
855 933 1140 991 habuisse.
1181 932 1339 997 Quod
1373 932 1582 990 erroris
1621 939 1945 989 monstrum
1974 932 2080 987 hac
2119 930 2220 986 du-

295 1033 430 1110 plici
473 1034 783 1090 assertione
819 1033 1166 1109 persuadere
1214 1034 1397 1091 conati
1453 1041 1584 1090 sunt
1621 1055 1632 1087 ε
1670 1033 1974 1088 ‘1⁰sanctus
2020 1032 2220 1087 Petrus

299 1149 592 1206 nunquam
611 1133 844 1188 Romam
864 1131 962 1188 ivit
986 1153 996 1185 :
1027 1132 1082 1187 2⁰
1102 1132 1147 1188 si
1167 1132 1590 1188 concedendum
1619 1131 1691 1188 sit
1713 1137 1972 1187 sanctum
1990 1130 2219 1186 Petrum

295 1229 531 1287 Romam
562 1230 752 1297 ivisse,
782 1249 1075 1305 nunquam
1107 1238 1296 1288 tamen
1322 1230 1430 1287 fuit
1455 1231 1743 1286 Romanus
1779 1228 2119 1302 Episcopus;
2156 1245 2221 1284 ac

294 1330 534 1406 proinde
564 1331 677 1388 ruit
688 1331 782 1405 jus
807 1314 1184 1388 successionis
1212 1330 1451 1386 Romani
1480 1327 1762 1385 Pontificis
1799 1328 1980 1401 quoad
2009 1327 2219 1402 prima-

293 1430 419 1481 tum
442 1449 453 1492 3
485 1446 615 1484 cum
638 1429 732 1502 jus
752 1427 896 1483 illud
919 1433 1203 1501 nequeant
1219 1426 1458 1483 Romani
1475 1425 1768 1482 Pontifices
1791 1424 1897 1480 sibi
1912 1424 2027 1479 alio
2053 1422 2219 1478 titulo

292 1525 603 1598 vindicare,
638 1545 804 1599 quam
833 1526 982 1599 quod
1003 1531 1195 1582 sancto
1220 1527 1382 1582 Petro
1410 1526 1469 1579 in
1488 1525 1738 1580 Romana
1756 1521 2061 1597 episcopali
2089 1521 2221 1577 sede

294 1623 692 1680 successerint.

367 1723 544 1797 Igitur
595 1723 796 1795 dogma
848 1723 916 1778 de
967 1722 1205 1778 Romani
1254 1720 1538 1776 Pontificis
1592 1720 1841 1795 primatu
1899 1735 2217 1774 connexum

294 1823 465 1877 haeret
504 1839 634 1876 cum
697 1820 956 1894 dogmate
1001 1820 1068 1876 de
1113 1820 1361 1894 primatu
1421 1818 1599 1875 sancti
1653 1818 1821 1875 Petri.
1868 1816 2220 1892 Quapropter

295 1920 621 1994 exponenda
667 1919 919 1994 primum
963 1938 1026 1976 ac
1060 1919 1340 1975 firmanda
1373 1917 1491 1974 visa
1522 1923 1606 1974 est
1644 1916 1899 1973 doctrina
1940 1915 2218 1972 catholica

297 2019 365 2074 de
392 2017 570 2074 sancti
592 2017 739 2074 Petri
763 2018 1107 2093 principatu.
1126 2019 1229 2074 Pro
1250 2037 1360 2092 quo
1381 2021 1708 2092 sequentem
1731 2015 2035 2073 sectionem
2055 2012 2217 2070 insti-

295 2117 534 2175 tuimus.

2383 554 2403 582 s
