2372 4108
310 239 398 286 ¹106
986 225 1276 276 TRACTATUS
1305 225 1372 272 DE
1402 226 1546 273 ΡΑΡΑ.

310 348 379 404 ad
426 348 627 420 apicem
669 343 1024 415 episcopcrum,
1067 333 1313 402 referre3
1364 337 1428 390 ut
1467 333 1728 391 consulta
1763 334 2021 392 videlieet
2061 334 2229 391 Sedes

307 445 626 523 Apostoliea
645 460 710 497 ex
739 436 877 512 ipsis
906 435 1079 492 rebus
1106 434 1294 492 dubiis
1315 440 1535 492 eertum
1556 434 1773 509 aliquid
1792 434 2230 510 faciendumque

307 539 683 619 pronuntiet»
747 534 923 611 (apud
980 534 1275 606 Constant,
1335 535 1595 608 Epistola&
1639 534 2000 590 Romanorum
2044 535 2231 592 Ponti-

304 642 485 712 ficum,
517 636 624 692 eol.
650 633 784 706 910,
814 632 950 690 edit.
982 633 1237 705 Parisiis,
1275 632 1470 706 1721).
1501 633 1644 690 Dum
1664 639 1818 707 caput
1845 640 1894 688 et
1923 649 2062 705 apex
2091 633 2231 705 epis—

307 745 526 814 copatus
580 736 789 793 dieitur
837 736 1091 792 Romana
1132 735 1322 808 Sedes,
1378 735 1427 791 ei
1470 735 1720 812 profecto
1759 732 2235 808 jurisdictionalis

309 836 595 912 primatus
620 833 963 891 vindicatur.

392 937 444 991 7.
491 936 552 992 In
595 935 832 1011 epistola
882 935 950 990 ad
983 934 1332 1011 Exuperiuin
1365 934 1706 990 Tolosanum
1738 933 2102 1008 Episcopum,
2144 931 2236 986 de-

309 1037 486 1092 cernit
517 1035 883 1092 Innocentius
911 1035 954 1109 l,
985 1054 1079 1092 eos
1107 1035 1340 1092 clericos
1373 1053 1495 1092 esse
1527 1034 1912 1110 deponendOS,
1944 1033 2041 1107 qui
2060 1038 2240 1088 trans-

308 1137 486 1211 gressi
531 1142 666 1194 sunt
710 1136 1100 1212 disciplinaria
1144 1136 1405 1211 quaedam
1442 1135 1871 1212 praedecessoris
1918 1134 2005 1190 sui
2051 1133 2236 1189 Siricii

309 1236 553 1306 decreta,
583 1235 695 1290 nisi
715 1240 933 1290 constet
970 1234 1192 1290 decreta
1221 1234 1499 1308 ejusmodi
1528 1233 1667 1309 ipsis
1694 1234 1846 1290 haud
1876 1239 2007 1289 nota
2038 1231 2234 1288 fuisse.

309 1337 427 1401 Quo
478 1336 644 1411 plane
696 1335 854 1391 docet
914 1335 1168 1392 Romano
1222 1335 1477 1391 Pontifici
1538 1340 1856 1410 competere
1905 1339 2239 1409 potestatem

315 1451 510 1489 omnes
543 1434 759 1507 ubique
790 1432 1028 1488 clericos
1077 1434 1300 1507 legibus
1330 1434 1450 1490 suis
1498 1433 1890 1507 obstringendi
1924 1457 1934 1499 3
1985 1449 2111 1504 quae
2143 1449 2241 1505 po-

312 1538 485 1590 testas
513 1534 635 1590 sinc
662 1533 1080 1608 jurisdictionis
1112 1533 1363 1608 primatu
1402 1538 1551 1588 stare
1589 1533 1807 1607 nequit.
1854 1533 2089 1587 Textum
2119 1530 2244 1586 vide

315 1635 464 1710 apud
508 1635 779 1691 Constant
823 1632 1107 1709 (Epistolae
1146 1632 1504 1690 Romanorum
1555 1634 1903 1706 Pontificum,
1947 1631 2054 1687 col.
2099 1630 2242 1702 792,

314 1736 447 1793 edit.
481 1735 736 1804 Parisiis,
770 1734 966 1804 1721).

395 1836 445 1891 8.
491 1836 593 1891 Per
624 1853 788 1890 suam
809 1833 878 1889 ad
900 1832 1111 1889 Rufum
1139 1832 1699 1888 Thessalonicensem
1727 1832 2061 1907 Episcopum
2099 1833 2245 1907 epis-

316 1933 515 2002 tolam,
565 1950 696 1988 eum
735 1931 1102 1987 Innocentius
1139 1931 1158 1985 I
1197 1929 1495 1986 constituit
1526 1929 1684 1985 Sedis
1731 1928 2066 2003 Apostolie‘ee
2096 1930 2244 1985 vica-

318 2034 493 2106 rium,
550 2038 602 2088 et
644 2031 793 2087 inter
843 2030 1117 2105 primates
1159 2030 1433 2105 primum,
1472 2029 1656 2102 quoad
1713 2046 1911 2083 omnes
1966 2028 2245 2084 Ecclesias

319 2133 562 2205 Aeliaiae,
578 2131 901 2202 Thessalia-¹,
924 2131 1079 2206 Epiri
1093 2130 1298 2187 veteris
1319 2135 1373 2185 et
1397 2147 1575 2197 novae,
1594 2127 1786 2199 Cretae,
1803 2128 2003 2200 Dacife,
2025 2129 2244 2201 Maesiw,

321 2231 608 2288 Dardaniae
664 2237 717 2286 et
765 2229 1004 2287 Prevali.
1059 2251 1084 2281 «
1123 2229 1342 2304 Arripe,
1387 2228 1595 2301 inquit,
1643 2227 2012 2284 dilectissime
2048 2229 2244 2298 frater,

321 2338 517 2389 nostra
564 2332 683 2388 vice
721 2311 821 2407 per
863 2348 1033 2405 supra
1077 2329 1315 2404 scriptas
1358 2327 1658 2399 EcclesiaS,
1690 2327 1842 2383 salvo
1886 2345 2082 2383 earum
2132 2328 2247 2404 pri-

322 2436 503 2502 mam,
539 2448 757 2486 curam.
789 2429 848 2484 Et
883 2429 1029 2484 inter
1068 2428 1221 2504 ipsos
1257 2427 1528 2504 primates
1562 2427 1805 2502 primus,
1838 2426 2117 2500 quidquid
2151 2445 2246 2488 eos

324 2529 393 2584 ad
434 2547 537 2584 nos
582 2546 810 2585 necesse
845 2527 1012 2584 fuerit
1041 2512 1288 2599 mittere,
1317 2545 1429 2581 non
1478 2526 1598 2582 sine
1639 2532 1736 2581 tuo
1773 2526 2060 2602 postulent
2102 2526 2249 2582 arbi-

322 2634 492 2684 tratu.
534 2628 614 2684 Ita
636 2627 788 2684 enim
818 2633 911 2683 aut
940 2645 1040 2702 per
1065 2632 1224 2682 tuam
1246 2625 1652 2702 experientiam
1682 2624 1961 2698 quidquid
1991 2624 2132 2679 illud
2164 2630 2247 2678 est

325 2727 575 2797 finietur,
616 2732 711 2783 aut
750 2732 848 2783 tuo
888 2726 1126 2782 consilio
1166 2726 1235 2781 ad
1274 2744 1376 2781 nos
1422 2743 1605 2799 usque
1647 2723 2092 2800 perveniendum
2129 2740 2251 2778 esse

326 2827 683 2882 mandamus.
737 2827 975 2882 Licitum
1021 2832 1211 2883 autem
1249 2832 1301 2881 et
1333 2826 1666 2900 Apostolieae
1702 2824 1861 2880 Sedis
1902 2824 2089 2881 favore
2127 2841 2251 2899 per-

324 2926 570 2981 missum
600 2930 713 2981 tuae
754 2926 1093 2981 fraternitati
1140 2942 1433 2997 cognosce,
1471 2931 1532 2980 ut
1565 2944 1695 2979 cum
1738 2924 1928 2996 aliqua
1970 2923 2255 2979 ecelesias-

327 3027 441 3083 tica
484 3026 651 3096 rati0,
691 3024 778 3081 vel
805 3024 862 3079 in
907 3030 1001 3080 tua
1041 3024 1128 3080 vel
1159 3024 1216 3078 in
1276 3024 1608 3080 memoratis
1637 3023 1942 3098 provinciis
1990 3023 2253 3096 agitanda

329 3126 830 3201 cognoscendaque
876 3125 1070 3195 fuerit,
1112 3143 1255 3198 quos
1291 3124 1431 3180 velis
1472 3123 1878 3199 Episcoporum
1917 3124 2098 3179 socios
2131 3124 2255 3196 qui-

330 3226 690 3299 buscumque
731 3225 798 3281 de
828 3224 1091 3280 Ecclesiis
1130 3242 1389 3280 assumas
1423 3229 1646 3290 tecum;
1692 3242 1936 3296 quorum
1971 3230 2024 3280 et
2065 3223 2173 3280 fide
2204 3230 2255 3280 et

331 3327 721 3383 moderatione
745 3324 1024 3399 quidquid
1039 3324 1346 3381 necessitas
1371 3342 1608 3380 causave
1626 3323 1986 3397 flagitaverit,
2008 3323 2257 3398 optimus

333 3426 542 3500 dirigas
566 3426 800 3496 arbiter,
830 3430 883 3481 et
913 3425 1233 3501 praecipuus
1267 3424 1501 3499 (quippe
1534 3443 1563 3480 a
1589 3424 1760 3480 Nobis
1783 3423 1985 3491 lectus)
2020 3422 2256 3478 definias

335 3522 741 3580 intercessor...
775 3523 1137 3580 Voluntatem
1174 3523 1319 3578 hanc
1349 3528 1603 3578 nostram
1651 3540 1751 3598 per
1786 3536 2256 3591 unamquamque

338 3619 684 3691 provinciam
713 3622 874 3693 satis,
902 3626 965 3678 ut
986 3621 1241 3692 decebat,
1262 3620 1470 3677 litteris
1496 3617 2031 3676 manifestavimus»
2083 3616 2252 3691 (apud

340 3713 637 3788 Coustant,
689 3719 945 3794 Epistolae
993 3720 1352 3776 Romanorum
1397 3719 1746 3792 Pontificum,
1779 3714 1888 3771 eol.
1935 3714 2070 3786 817,
2120 3714 2252 3772 edit.
