2372 4108
291 266 348 336 56
966 275 1258 322 TRACTATUS
1289 276 1353 322 DE
1385 277 1532 324 PAPA.

366 394 422 450 9⁰
451 393 791 449 Sozomenus.
811 401 885 426 ‘——
915 405 942 436 «
972 383 1091 439 Non
1123 384 1243 439 sine
1282 383 1470 439 divina
1499 382 1852 442 Providentia
1879 385 2092 442 factum
2121 390 2204 441 est

289 499 375 563 ut,
394 494 616 546 mortuo
647 485 850 552 Felice,
879 482 1034 539 solus
1063 483 1314 540 Liberius
1341 484 1608 540 Romanae
1630 482 1888 540 Ecclesiae
1916 491 2202 560 praeesset,

290 607 359 644 ne
386 588 530 642 Petri
552 584 702 639 sedes
731 581 849 638 ulla
884 581 1134 638 infamiae
1163 582 1387 639 macula
1431 589 1826 658 aspergeretur
1859 604 1886 635 »
1948 583 2086 655 (Lib.
2118 583 2206 654 IV,

288 704 335 742 0.
366 682 497 755 xlv).

363 780 455 837 10Ο
484 779 729 854 Optatus.
754 811 824 820 —
861 801 889 832 «
918 779 1131 853 Negare
1161 798 1275 835 non
1301 786 1482 855 poteS,
1512 775 1656 836 scire
1676 786 1754 850 te,
1782 779 1841 834 in
1862 780 2004 835 urbe
2029 779 2206 835 Roma

282 881 444 937 Petro
510 879 764 954 primum
838 879 1163 936 cathedram
1227 878 1607 954 episcopalem
1669 896 1792 934 esse
1844 878 2109 934 collatam
2175 900 2204 932 »

287 979 430 1053 (Lib.
462 979 526 1047 ΙΙ,
559 985 753 1036 contra
774 979 1261 1052 Parmenianum).
1296 1001 1322 1031 «
1351 978 1686 1053 Seditprior
1708 978 1927 1049 Petrus,
1956 977 2049 1034 cui
2079 995 2209 1034 suc-

285 1077 453 1133 cessit
478 1076 649 1133 Linus
677 1098 703 1130 »
737 1076 996 1150 (ibidem,
1025 1077 1126 1132 lib.
1160 1076 1226 1144 Il,
1251 1080 1379 1152 cap.
1405 1081 1503 1149 111).

363 1176 458 1232 11⁰
502 1177 560 1233 S.
597 1177 970 1250 Hieronymus.
1009 1209 1078 1217 -—
1115 1199 1140 1228 «
1185 1175 1379 1232 Simon
1421 1176 1689 1232 PetruS...
1720 1175 1956 1232 Romam
1998 1175 2202 1250 pergit,

283 1273 477 1348 ibique
521 1276 591 1331 ‘25
632 1275 795 1331 annis
828 1275 1157 1331 cathedram
1196 1274 1601 1331 sacerdotalem
1645 1274 1829 1330 tenuit
1862 1296 1889 1327 »
1928 1274 2029 1349 (De
2068 1273 2207 1330 Viris

284 1373 483 1444 illust.,
512 1373 570 1428 in
595 1373 798 1446 Petro).
859 1395 885 1426 «
921 1374 1057 1429 Cum
1108 1391 1435 1430 successore
1484 1373 1783 1448 piscatoris
1824 1380 1877 1430 et
1929 1373 2207 1447 discipulo

285 1471 470 1527 crucis
511 1471 732 1544 loquor.
783 1472 894 1544 Ego
920 1471 1263 1528 Beatitudini
1298 1472 1447 1541 Tuae,
1478 1471 1533 1527 id
1568 1478 1673 1542 cst,
1722 1471 2003 1526 cathedrae
2032 1469 2204 1539 Petri,

285 1571 687 1628 communione
714 1572 1005 1628 consocior
1032 1594 1059 1625 »
1090 1572 1281 1647 (Epist.
1318 1571 1373 1641 1,
1403 1571 1472 1627 ad
1503 1571 1858 1642 Damasum).

364 1671 457 1725 120
478 1670 536 1726 S.
554 1671 895 1743 Augustino&
918 1704 989 1711 —
1022 1694 1047 1723 «
1070 1672 1229 1727 Petro
1257 1670 1408 1726 enim
1435 1670 1705 1726 successit
1731 1670 1917 1741 l.inuS‚
1940 1669 2076 1725 Lino
2093 1668 2210 1725 Cle·

288 1783 469 1828 menS‚
505 1773 611 1821 etc.
652 1791 676 1817 »
711 1766 905 1840 (Epist.
939 1768 1033 1834 55,
1067 1767 1204 1822 alias
1237 1766 1369 1834 1165,
1405 1766 1475 1821 ad
1514 1767 1911 1836 Generosum).
1948 1788 1975 1818 «
2015 1767 2213 1822 Cathe-

289 1863 390 1917 dra
426 1863 531 1918 tibi
559 1863 696 1936 quid
735 1864 864 1920 fecit
910 1865 1171 1921 Ecclesiae
1206 1865 1493 1936 Romanae,
1522 1867 1580 1919 in
1612 1883 1714 1936 qua
1747 1864 1937 1920 Petrus
1962 1864 2117 1932 sedit,
2156 1869 2210 1917 et

289 1959 349 2014 in
388 1978 499 2033 qua
535 1979 688 2017 nunc
720 1963 1091 2019 Anasthasius
1133 1963 1329 2019 sedet?
1369 1985 1395 2016 »
1438 1962 1623 2035 (Libro
1658 1963 1722 2032 ll,
1755 1980 1878 2036 cap.
1909 1982 1977 2031 LI,
2011 1960 2212 2017 Contra

293 2058 497 2115 litteras
529 2059 800 2131 Petiliam,
833 2069 982 2118 tomo
1002 2063 1087 2132 IX,
1118 2063 1222 2119 col.
1258 2061 1389 2133 500,
1423 2062 1687 2117 editionis
1715 2062 1936 2134 l‘ligne.)

369 2159 461 2215 15·
489 2160 746 2233 Prosper.
779 2194 848 2202 —
880 2182 906 2213 «
941 2161 1107 2217 Sedes
1136 2162 1310 2217 Roma
1338 2161 1484 2217 Petri
1518 2183 1544 2213 »
1590 2160 1727 2231 (Lib.
1754 2161 1822 2216 de
1853 2161 2115 2234 Ingrat.).

368 2256 461 2312 140
500 2257 779 2330 Sulpicius,
825 2292 895 2299 —
952 2282 976 2310 «
1022 2259 1216 2315 Divina
1269 2259 1422 2334 apud
1468 2259 1671 2315 urbem
1715 2259 1911 2332 religio
1965 2259 2218 2314 invalue-

289 2361 398 2426 rat,
456 2357 615 2412 Petro
655 2357 733 2413 ibi
774 2358 1164 2433 episcopatum
1214 2364 1492 2431 gerente»
1546 2358 1730 2433 (Libro
1766 2357 1809 2412 1Ι
1841 2357 2089 2414 Historiae
2124 2374 2215 2412 sa-

289 2455 431 2524 crae).

366 2549 460 2606 150
500 2552 744 2626 Cataloyi
776 2555 1142 2612 Romanorum
1177 2557 1514 2630 Pontificum.
1556 2588 1626 2596 -—
1666 2556 1845 2620 Quam
1892 2552 2113 2626 antiqui
2161 2559 2216 2609 et

288 2655 423 2720 quot
463 2668 703 2708 numero
740 2660 927 2710 extent
964 2660 1018 2711 et
1061 2656 1130 2711 ab
1172 2655 1411 2711 eruditis
1451 2655 1588 2711 editi
1631 2654 1865 2722 fuerint,
1902 2651 2028 2708 vide
2061 2651 2212 2726 apud

286 2746 664 2806 Mamachium
692 2751 955 2825 (Origines
983 2755 1309 2824 christianae,
1338 2754 1484 2811 libro
1511 2755 1598 2826 lv,
1627 2760 1780 2810 tomo
1799 2751 1861 2821 V,
1902 2768 2031 2826 pag.
2078 2749 2208 2817 528,

177 2861 184 2865 ⁴
288 2844 423 2900 edit.
465 2846 670 2918 Romae,
705 2850 898 2922 1850).
939 2852 1108 2908 Porro
1149 2853 1190 2908 ii
1230 2853 1496 2926 catalogi,
1539 2853 1597 2907 in
1636 2852 1783 2909 serie
1818 2850 2212 2906 Romanorum

287 2941 715 3018 Episcoporum,
746 2964 969 3022 semper
994 2949 1248 3022 primum
1281 2951 1510 3006 Petrum
1545 2950 1878 3024 Apostolum
1920 2948 2211 3004 exhibent.

288 3039 578 3115 (Videatur
621 3044 791 3100 etiam
835 3046 1125 3119 catalogus
1183 3047 1251 3102 de
1297 3066 1409 3120 quo
1452 3047 1798 3103 Mamachius
1847 3043 2056 3119 pagina
2101 3043 2210 3098 497

285 3137 442 3195 citati
490 3140 681 3211 tomi.)
722 3143 791 3198 De
823 3143 1026 3200 iisdem
1051 3144 1326 3218 catalogis
1363 3145 1585 3201 erudite
1614 3144 1842 3200 disserit
1867 3142 2214 3199 Schelstrate

286 3235 616 3311 (Antiquitas
642 3241 942 3316 Ecclesiae).

444 3442 468 3494 5
496 3443 535 3483 2.
560 3467 607 3475 —-
636 3444 946 3497 Argumentum
965 3460 1015 3489 ex
1032 3448 1266 3490 universali
1286 3461 1363 3503 per
1381 3448 1614 3492 octodecim
1633 3448 1790 3490 saecula
1808 3444 2046 3488 taetimonio

1073 3522 1114 3558 et
1133 3518 1422 3571 persuasione.

363 3629 623 3691 Advertat
649 3637 826 3695 lector
851 3641 1021 3698 hocce
1054 3649 1388 3716 argumento
1416 3642 1619 3711 evinci,
1649 3656 1762 3695 non
1795 3642 2020 3693 tantum
2052 3636 2204 3709 quod

288 3730 547 3799 praesenti
574 3735 755 3809 capite
772 3728 1190 3812 propugnatur,
1213 3741 1270 3794 id
1296 3745 1404 3812 est,
1427 3743 1688 3795 sanctum
1710 3735 1938 3791 Petrum
1963 3733 2210 3806 gessisse
