2320 4010
804 246 930 294 PARS
960 244 1194 292 SECUNDA.
1853 229 1941 279 597

70 358 417 416 memorabat
468 330 795 431 procurator
826 349 1103 426 generalis
1136 348 1202 405 de
1230 345 1451 419 Harlay‚
1487 359 1632 399 anno
1662 337 1832 408 1682,
1871 337 1941 393 ad

71 456 465 516 cancellarium
490 456 558 511 Le
585 453 783 509 Tellier
806 450 1077 519 scribens,
1111 453 1165 504 et
1195 462 1363 502 novas
1388 443 1439 499 ei
1470 454 1783 516 proponens
1806 451 1938 492 con-

69 561 155 610 tra
177 555 481 609 Sorbonam
515 550 774 607 eumdem
816 547 873 603 in
919 546 1085 602 finem
1135 544 1238 600 sub
1285 538 1676 614 reformationis
1716 531 1942 590 nomine

70 649 413 705 vexationes:
1807 647 1813 652 ·

150 780 177 810 «
206 759 404 814 Toutes
443 774 532 814 ces
561 758 753 812 choses
787 753 1097 828 repandues
1128 754 1466 825 engageront
1500 746 1580 802 les
1621 746 1882 799 docteurs
1913 742 1943 795 a

71 856 261 913 tacher‘
291 856 358 913 de
378 856 458 911 les
490 854 660 911 evitet·
688 870 788 925 par
820 851 1060 924 quelque
1104 848 1398 904 demarche
1426 846 1493 901 de
1529 840 1657 898 ‘leur
1698 847 1824 915 part
1845 837 1948 911 ‘qui

70 956 170 1027 put
195 955 417 1026 reparer
443 951 566 1005 leur
586 948 733 1003 faute
759 949 960 1019 aupres
983 945 1060 999 du
1084 944 1189 1013 roi,
1216 958 1434 996 comme
1466 940 1534 994 ils
1549 943 1643 992 ont
1666 936 1765 990 fait
1798 935 1950 988 leurs

68 1048 290 1103 articles
311 1064 382 1101 en
418 1043 584 1111 1665,
622 1059 722 1114 par
754 1041 832 1094 les
857 1039 1009 1094 soins
1036 1056 1145 1110 que
1176 1055 1311 1092 vous
1337 1054 1405 1091 en
1426 1037 1601 1109 prites
1635 1032 1795 1103 apres
1821 1027 1948 1080 l'in-

68 1141 360 1199 terdiction
402 1140 475 1195 du
509 1138 659 1195 sieur
694 1134 938 1190 Grandin
976 1157 1002 1187 »
1044 1134 1240 1207 (Lettre
1268 1132 1345 1188 du
1379 1132 1447 1187 16
1486 1129 1609 1204 juin
1647 1124 1816 1194 1682,
1845 1124 1944 1178 Ms.

69 1238 498 1296 Saint-Germain
533 1238 662 1305 165,
696 1234 1075 1307 Bibliotheque
1112 1230 1441 1306 imperiale).

70 1460 97 1511 g
123 1459 161 1498 4.
187 1482 239 1488 —
263 1459 337 1498 Sex
363 1458 507 1498 famosi
535 1458 697 1498 articuli
723 1459 819 1498 anni
847 1459 963 1506 1065,
990 1471 1072 1500 non
1108 1461 1279 1501 suerunt
1304 1460 1435 1500 libera
1461 1460 1681 1501 Facultatis
1706 1461 1951 1507 declaratio,

125 1526 254 1565 Immo
278 1538 350 1564 nec
377 1525 586 1571 Fac-ultani,
613 1526 654 1565 id
678 1531 751 1571 est,
782 1528 928 1578 majori
954 1527 1169 1568 doctorum
1195 1539 1371 1567 numero
1405 1528 1666 1568 adscribendi
1692 1534 1803 1569 sunt.
1833 1531 1956 1570 Prae-

125 1598 237 1632 terea
262 1596 402 1631 contra
429 1592 523 1631 illos
548 1593 746 1632 articulos
771 1592 873 1632 sacta
904 1599 965 1633 est
993 1607 1014 1633 a
1038 1594 1279 1634 doctoribus
1305 1593 1523 1633 Facultatis
1547 1595 1802 1645 protestatio,
1838 1600 1878 1635 et
1902 1597 1953 1636 ab

124 1659 214 1710 ipso
239 1659 361 1698 etiam
385 1658 564 1709 syndico,
589 1659 660 1709 qui
679 1671 748 1699 eos
770 1660 967 1700 articulos
991 1673 1086 1700 cum
1111 1661 1301 1700 ministro
1322 1661 1373 1700 Le
1393 1660 1543 1700 Tellier
1567 1662 1897 1702 concinnaverat.

144 1809 428 1864 Habentur
453 1809 542 1864 isli
569 1810 787 1866 articuli
812 1812 957 1884 apud
982 1812 1301 1885 d'Argentre
1324 1811 1592 1884 (Collectio
1612 1812 1949 1882 judiciorum,

74 1905 212 1960 tomi
238 1905 386 1959 tertii
409 1912 561 1978 parte
591 1907 792 1979 prima,
817 1908 1014 1980 pagina
1041 1907 1134 1976 90)
1163 1908 1266 1962 sub
1293 1908 1394 1962 hoc
1412 1908 1576 1962 titulo
1605 1928 1615 1959 :
1639 1908 1957 1962 130010ναὶὶο-

0 2012 1 2030 ’
74 2019 166 2056 nes
209 2020 376 2056 sacrae
409 2001 699 2057 Facultatis
736 2003 1009 2074 theoloqiae
1040 2003 1357 2058 Parisiensis
1394 2004 1546 2074 factae
1583 2004 1722 2075 apud
1759 2022 1955 2074 reqem,

72 2116 232 2170 super
269 2099 571 2170 quibusdam
601 2101 1065 2172 propositionibuS,
1117 2118 1244 2172 quas
1283 2099 1515 2154 nonnulli
1548 2099 1821 2155 voluerunt
1860 2100 1955 2153 acl—

75 2196 299 2248 scribere
330 2196 497 2249 eidem
522 2195 800 2252 Facultati.
851 2197 1027 2251 Tenor
1069 2203 1253 2251 autem
1306 2197 1671 2250 articulorum
1719 2197 1808 2249 llic
1835 2203 1950 2250 est:

157 2303 197 2355 1.
221 2302 337 2356 Non
374 2320 491 2357 esse
533 2304 844 2358 doctrinam
885 2306 1178 2361 Facultatis
1225 2307 1373 2379 quod
1418 2306 1681 2360 Summus
1709 2306 1956 2362 Pontifex

84 2396 328 2469 aliquam
355 2397 411 2449 in
435 2387 758 2470 temporalia
784 2400 929 2471 regis
954 2400 1403 2455 christianissimi
1427 2402 1814 2456 auctoritatem
1860 2404 1956 2456 lia-

83 2494 229 2548 beat.
252 2494 363 2547 lmo
389 2494 721 2550 Facultatem
752 2514 972 2570 semper
991 2499 1273 2555 obstitisse
1302 2500 1469 2559 etiam
1501 2500 1567 2553 iis
1598 2500 1695 2570 qui
1722 2499 1961 2554 indirec-

84 2593 199 2642 tam
235 2590 619 2645 tantummodo
641 2610 757 2646 esse
784 2592 937 2647 illam
961 2595 1346 2650 auctoritatem
1377 2596 1692 2651 voluerunt.

158 2702 218 2754 ll.
256 2702 385 2757 Esse
417 2703 726 2760 doctrinam
756 2706 1051 2762 Facultatis
1087 2709 1361 2779 ejusdem,
1395 2710 1541 2781 quod
1571 2728 1664 2764 rex
1699 2709 1963 2764 christia-

82 2799 354 2854 nissimus
381 2800 597 2854 nullum
618 2802 844 2857 omnino
868 2804 1112 2876 agnoscit
1141 2823 1239 2859 nec
1273 2806 1438 2861 habet
1470 2806 1526 2860 in
1559 2807 1962 2880 temporalibus

82 2898 428 2970 superiorem
466 2906 664 2972 praeter
687 2899 878 2967 Deum,
913 2919 1144 2973 eamque
1169 2921 1330 2957 suani
1358 2920 1476 2958 esse
1521 2904 1806 2975 antiquam
1838 2905 1967 2959 doc-

88 2992 314 3062 trinam,
349 3014 378 3048 a
413 3014 519 3067 qua
547 3015 835 3068 nunquam
872 3016 1153 3054 recessura
1180 3007 1280 3054 est.

164 3103 248 3159 111.
286 3104 597 3159 Doctrinam
621 3107 918 3165 Facultatis
946 3127 1087 3180 esse,
1127 3112 1271 3183 quod
1310 3112 1517 3165 subditi
1548 3111 1711 3165 tidem
1751 3119 1801 3166 et
1837 3113 1966 3166 obe·-

85 3199 354 3255 dientiain
384 3201 495 3272 regi
526 3202 988 3262 christianissimo
1010 3208 1083 3261 ita
1108 3209 1331 3277 debent,
1361 3214 1420 3262 ut
1451 3209 1518 3262 ab
1546 3208 1611 3262 iis
1643 3209 1798 3263 nullo
1826 3228 1966 3282 prte-

92 3300 244 3349 textu
273 3296 579 3369 dispensari
608 3300 838 3369 possint.

167 3405 248 3458 lv.
287 3406 594 3470 Doctrinam
642 3408 936 3487 Facultatis
984 3430 1127 3482 esse,
1174 3431 1283 3467 non
1325 3416 1557 3487 probare
1586 3434 1685 3472 nec
1716 3436 1967 3490 unquam

91 3504 355 3575 probasse
373 3506 773 3578 propositiones
792 3507 956 3578 ullaS‚
980 3509 1124 3582 regis
1142 3510 1594 3568 cln·islianissimi
1622 3516 1966 3587 auctoritati,

89 3606 186 3655 aut
215 3601 494 3671 germanis
540 3601 789 3658 Ecclesia¹
824 3603 1115 3661 Gallicana}
1156 3607 1507 3666 libertatibus
1546 3617 1598 3666 et
1646 3613 1879 3687 receptis
1911 3613 1969 3667 in
