2372 4108
899 249 1019 293 PARS
1051 247 1215 293 PRIMA.
1945 248 1999 294 79

113 359 168 415 Id
196 365 383 414 autem
415 363 560 412 stare
594 356 787 428 nequit
817 355 925 411 nisi
953 354 1244 410 morientis
1286 353 1463 409 sancti
1505 353 1647 409 Petri
1683 359 1927 428 potestas
1968 371 1998 408 a

36 442 44 452 ’
112 455 322 512 Christo
352 455 570 510 decreta
597 453 666 509 sit
693 453 761 509 ad
781 454 900 524 ejus
927 467 1275 505 successores
1307 449 1768 506 transfundenda.

185 553 248 607 Il.
279 553 607 607 Ancum-:mrum
633 571 661 605 Ε
686 551 882 606 Pnnun
897 565 1182 602 sammoni:
1206 547 1776 621 (remissive).-Quod
1798 565 1997 622 nempe

112 667 332 723 semper
357 649 413 702 in
440 647 679 704 Ecclesia
699 644 970 701 traditum
1003 642 1075 697 sit
1100 661 1164 697 ac
1193 643 1494 711 creditum,
1522 643 1836 700 Romanum
1868 644 2003 698 Pon-

111 746 311 801 tificem
333 762 454 800 esse
479 740 828 799 auctoritatis
850 757 913 795 ac
939 739 1089 795 sedis
1121 738 1301 794 sancti
1332 739 1476 794 Petri
1514 758 1917 808 successorem,
1945 747 1995 796 et

108 841 330 914 quidem
357 841 482 912 jure
513 837 696 893 divino
742 854 842 892 seu
877 853 942 890 ex
981 835 1102 909 ipsa
1135 833 1335 888 Christi
1361 825 1746 902 institutione,
1779 841 1994 891 constat

108 938 418 993 innumeris
444 937 670 992 Patrum
701 932 1058 991 testimoniis,
1095 931 1251 996 Quod
1285 936 1681 1003 argumentum
1711 931 1993 986 evolutum

109 1036 355 1088 recurret
379 1030 524 1086 infra
553 1026 824 1101 (sectione
848 1027 935 1096 111,
968 1045 1095 1101 cap.
1123 1032 1240 1097 111).

130 1196 133 1197 ⁷
183 1131 266 1184 Ill.
310 1130 643 1185 Annuusmtm
672 1147 737 1183 nx
766 1146 1022 1183 conamus·
1042 1126 1400 1200 *Expresse
1420 1124 1670 1181 definivit
1693 1123 1996 1180 concilium
2049 1197 2052 1199 ‚

112 1228 488 1284 Florentinum
507 1271 520 1298 ,
577 1228 881 1299 Pontificem
945 1225 1232 1281 Romanum
1284 1242 1635 1282 successorem
1690 1242 1805 1280 esse
1847 1224 1999 1279 Beati

113 1323 257 1379 Petri
279 1326 530 1396 principis
546 1323 931 1396 Apostolorum,
967 1331 1016 1377 et
1043 1323 1141 1395 ipsi
1165 1324 1216 1376 iu
1243 1321 1409 1377 Beato
1434 1322 1593 1376 Petro
1613 1322 1888 1393 pascendi,
1917 1338 1999 1375 re-

116 1423 269 1490 yendi
305 1440 365 1475 ac
407 1422 735 1491 =quberuancli
769 1421 1107 1475 universalem
1145 1420 1452 1486 Ecclesiam,
1484 1437 1515 1472 a
1557 1419 1778 1472 Domino
1817 1426 1998 1472 nostro

117 1516 150 1570 J
155 1534 242 1570 esu
266 1516 495 1586 Christo,
530 1519 730 1587 plenam
755 1525 1068 1586 potestatem
1098 1517 1347 1570 traditam-
1373 1533 1502 1568 esse.
1541 1516 1613 1568 Ae
1640 1514 1760 1570 aliae
1787 1513 1998 1569 similes

118 1618 303 1668 extant
329 1611 690 1668 conciliorum
713 1612 1082 1680 definitiones,
1111 1611 1253 1667 intra
1284 1610 1609 1667 reterendae.

186 1710 267 1765 lv.
312 1712 643 1764 ARGUMENTUM
682 1729 744 1762 Ex
787 1729 942 1763 vanus
976 1729 1372 1765 DEFm‘rmNmUS.
1397 1739 1464 1747 —-
1490 1710 1547 1762 In
1591 1708 1825 1764 concilio
1863 1708 2000 1764 Con-

111 1805 422 1873 stantiensi,
463 1805 520 1858 in
560 1804 627 1859 iis
665 1804 805 1859 actis
843 1823 967 1876 quae
999 1805 1228 1859 luerunt
1256 1823 1286 1858 a
1318 1803 1548 1858 Martino
1579 1804 1615 1857 V
1648 1804 1995 1867 confirmata,

110 1902 379 1957 damnatae
422 1907 549 1956 sunt
594 1881 889 1973 sequentes
927 1897 1134 1955 Wiclefi
1168 1898 1618 1973 propositiones:
1665 1899 1719 1954 8a
1756 1899 1813 1955 Si
1851 1897 1999 1972 Papa

108 2000 174 2052 sit
198 1999 473 2070 praescitus
500 2006 546 2052 et
575 2000 764 2064 maIuS,
805 2005 855 2053 et
877 2016 972 2070 per
1004 2015 1323 2068 consequeus
1344 1998 1631 2051 membrum
1654 1997 1870 2066 diaboli,
1898 2015 1999 2051 nou

108 2094 259 2148 habet
278 2101 588 2166 potestatem
618 2113 777 2167 super
808 2095 989 2166 fideles
1022 2096 1120 2149 sibi
1151 2095 1212 2149 ab
1249 2095 1422 2166 aliquo
1447 2095 1650 2164 (latam,
1678 2097 1781 2150 uisi
1806 2096 1944 2167 forte
1971 2114 2000 2149 a

112 2191 334 2248 Gaesare.
358 2226 422 2232 —
444 2192 498 2246 9³
526 2192 652 2247 Post
684 2193 945 2248 Urbanum
982 2191 1068 2261 V1,
1111 2210 1215 2247 uou
1251 2201 1327 2247 est
1359 2193 1549 2265 aliquis
1580 2195 1912 2267 recipiendus
1949 2196 1998 2249 iu

109 2287 326 2361 Papam,
367 2290 459 2344 secl
489 2291 759 2344 vivendum
794 2298 871 2345 est
896 2309 1040 2345 more
1072 2291 1364 2347 Graecorum
1393 2291 1483 2344 sub
1514 2290 1711 2361 Ieyibus
1739 2292 1993 2364 propriis

108 2386 241 2440 Item
283 2386 339 2440 in
385 2387 574 2442 eodem
622 2388 856 2443 concilio
901 2388 1176 2444 damnatae
1219 2394 1351 2444 sunt
1393 2395 1689 2459 sequentes
1746 2382 1999 2462 propos‘i-

111 2481 287 2537 tiones
314 2483 538 2537 loannis
582 2483 724 2538 Hus:
755 2484 809 2537 9³
849 2485 1063 2556 Papalis
1105 2486 1338 2556 cliyuitas
1373 2503 1403 2538 a
1440 2485 1648 2540 Caesare
1688 2485 1914 2548 inolevit,
1950 2494 2000 2538 et

110 2578 526 2651 Papaeperfectio
542 2588 588 2634 et
606 2581 861 2634 institutio
882 2599 912 2634 a
939 2580 1160 2636 Gaesaris
1176 2588 1436 2652 potestate
1456 2582 1744 2634 emcmavit.
1769 2580 1860 2632 27³
1880 2579 1997 2634 Nou

110 2684 187 2730 est
215 2676 443 2731 scintilla
477 2679 802 2749 apparenti-ze
825 2678 961 2749 quod
986 2685 1225 2749 oporteat
1251 2695 1369 2731 esse
1398 2694 1555 2731 unum
1590 2678 1818 2749 caputia
1843 2677 2001 2749 spiri-

112 2772 334 2826 tualibus
360 2790 540 2844 reyeus
577 2773 881 2841 Ecclesiam,
920 2774 1056 2845 quod
1078 2791 1280 2846 semper
1309 2791 1423 2828 cum
1447 2772 1679 2828 Ecclesia
1703 2776 1819 2844 ipsa
1852 2774 1940 2827 mil
1958 2774 2004 2825 ι’-

114 2875 258 2923 tante
295 2878 624 2925 conversetur
659 2877 709 2924 et
749 2879 1103 2926 conservetur.
1146 2869 1476 2943 29³Apostoli
1511 2877 1559 2924 et
1588 2869 1768 2941 fideles
1810 2887 1931 2923 sace
1954 2887 2006 2922 r-

113 2963 258 3019 dotes
281 2964 498 3020 Domini
519 2975 730 3022 strenue
753 2969 809 3021 in
834 2968 1148 3022 necessariis
1165 2967 1233 3022 ad
1253 2967 1472 3021 salutem
1500 2966 1804 3036 reyularunt
1823 2964 2007 3019 Eccle-

111 3062 244 3114 siam
280 3071 550 3134 autequam
587 3064 744 3137 Papae
769 3064 1002 3135 officium.
1032 3065 1169 3136 foret
1197 3064 1581 3127 introductum‚·
1617 3065 1695 3117 sic
1727 3061 2002 3132 facerent,

117 3156 406 3226 deficiente,
434 3177 529 3230 per
555 3179 758 3216 summe
785 3163 1049 3234 possibile,
1075 3163 1242 3234 Papa,
1270 3179 1434 3233 usque
1464 3162 1535 3215 ad
1557 3161 1698 3214 diem
1722 3158 1932 3228 judicii.

191 3248 317 3304 Pius
352 3250 411 3303 Vl
451 3251 507 3305 in
549 3253 702 3308 Brevi
731 3256 899 3329 Super
937 3259 1227 3327 soliditate,
1268 3257 1343 3311 ita
1388 3257 1578 3310 docet:
1619 3254 1999 3320 «petrumque

119 3344 386 3416 singulari
407 3345 607 3401 Christi
628 3365 857 3405 munere
882 3369 995 3424 prae
1006 3351 1220 3406 caeteris
1243 3352 1506 3418 electum,
1524 3348 1620 3419 qui
1722 3362 2002 3401 summam

117 3458 310 3496 curam
342 3448 395 3497 et
436 3442 826 3498 auctoritatem
852 3446 909 3498 iu
938 3461 1268 3499 successores
1301 3446 1440 3499 omni
1474 3459 1585 3497 aevo
1611 3442 1997 3513 proroqaudam

119 3540 452 3613 susciperet,
482 3539 677 3612 dogma
703 3540 1041 3596 catholicum
1061 3547 1169 3595 est.
1203 3560 1233 3592 π
