2372 4108
293 293 353 339 92
960 278 1259 328 TRACTATUS
1291 279 1356 326 DE
1387 279 1532 328 PAPA.

296 402 629 475 potestatem
668 392 824 446 Petro
866 386 1160 458 traditam,
1205 386 1377 443 simul
1422 386 1692 444 Romanis
1729 387 2016 464 Episcopis
2061 388 2207 445 Petri

297 491 716 552 successoribus
744 506 773 542 a
796 484 1014 542 Christo
1040 485 1216 544 fuisse
1248 486 1534 544 collatam.

365 591 570 647 Eadem
625 585 908 662 synoduS,
962 604 1027 642 ex
1069 593 1351 662 praecepto
1396 587 1623 642 Adriani
1663 587 1738 658 lI,
1788 587 2118 662 approbavit
2159 595 2211 645 et

292 687 559 746 omnibus
600 685 1081 742 subscribendum
1116 686 1409 762 proposuit
1450 686 1731 757 libellum,
1777 687 1867 742 cui
1905 686 2058 761 ja'm,
2108 688 2214 744 suh

288 783 583 842 Hormisda
613 791 665 841 et
687 784 932 840 Adriano
961 785 1002 854 I,
1027 785 1389 842 subscribere
1407 785 1716 843 debuerant
1736 786 2040 842 orientales
2064 786 2217 861 Epis·
2243 800 2245 803 ·

289 886 440 961 copi,
470 886 530 940 in
551 904 663 959 quo
693 885 773 941 sic
808 885 1157 941 habebatur:
1211 909 1235 939 «
1258 873 1570 960 Sequentes
1604 887 1661 942 in
1693 886 1959 943 omnibus
1993 887 2218 962 Aposto-

290 984 458 1040 licam
491 984 703 1055 sedem,
727 990 781 1040 et
804 985 1160 1041 observantes
1183 985 1373 1042 omnia
1406 986 1528 1060 ejus
1561 985 1885 1057 constituta,
1923 1003 2216 1060 speramus

291 1084 437 1140 utin
461 1103 575 1140 una
603 1084 1004 1140 communione
1036 1103 1206 1158 quam
1239 1085 1408 1142 Sedes
1434 1086 1750 1161 Apostolica
1773 1085 2059 1161 praedicat,
2100 1102 2220 1141 esse

294 1201 639 1252 mereamur,
662 1183 721 1238 in
742 1202 854 1257 qua
875 1184 1188 1258 estinlegra
1211 1192 1261 1242 et
1285 1203 1414 1242 vera
1436 1185 1759 1242 christianae
1783 1184 2076 1258 religionis
2097 1184 2221 1239 soli-

293 1281 459 1350 ditas;
485 1283 874 1357 promittentes
902 1283 1071 1339 etiam
1092 1290 1470 1358 sequestratos
1493 1303 1523 1341 a
1545 1285 1943 1341 communione
1964 1284 2221 1340 Ecclesia*

292 1380 603 1452 catholicae,
632 1382 690 1436 id
721 1387 826 1450 est,
871 1400 982 1438 non
1014 1384 1429 1441 consentientes
1475 1383 1602 1440 Sedi
1631 1384 1981 1458 Apostolicae,
2024 1403 2218 1440 eorum

293 1478 524 1534 nomina
571 1479 720 1536 inter
745 1498 906 1535 sacra
938 1499 1050 1536 non
1086 1483 1374 1539 recitanda
1406 1501 1525 1538 esse
1560 1484 1845 1558 mysteria.
1877 1505 1903 1535 »
1942 1483 2087 1538 Sane
2118 1483 2213 1555 qui

292 1578 374 1633 sic
395 1577 824 1652 profitebantur,
841 1579 1074 1637 Romani
1100 1581 1352 1658 Episcopi
1368 1583 1882 1657 jurisdictionalem
1909 1584 2214 1659 primatum

296 1679 696 1751 agnoscebant.
1489 1685 1501 1692 ‘

371 1778 478 1834 Vll.
528 1778 606 1833 Em
627 1780 757 1834 actis
789 1781 981 1851 synodi
996 1784 1327 1837 oecumenicae
1351 1775 1697 1852 duodecimass’,
1721 1802 1837 1855 quae
1862 1784 1959 1855 fuit
1997 1784 2220 1839 Latera-

295 1877 473 1930 nensis
504 1885 693 1948 quarta
715 1922 728 1945 ,
770 1880 899 1932 anni
935 1878 1108 1935 1215.
1140 1912 1209 1919 —-
1245 1902 1270 1933 «
1308 1881 1558 1936 Romana
1585 1881 1855 1950 Ecclesia,
1890 1881 2222 1957 disponente

294 1973 550 2045 Domino,
575 1994 743 2051 super
768 1996 963 2034 omnes
1000 1977 1142 2034 alias
1175 1979 1476 2036 ordinariae
1506 1980 1797 2055 potestatis
1827 1980 2040 2036 obtinet
2069 1981 2222 2054 prin-

298 2074 546 2149 cipatum
570 2119 583 2143 ,
651 2082 845 2152 utpote
893 2078 1286 2135 universorum
1339 2080 1541 2135 Christi
1606 2079 1859 2135 fidelium
1927 2085 2109 2135 mater
2171 2086 2221 2135 ot

302 2173 623 2246 magistra»
678 2176 910 2249 (Labbe,
966 2177 1341 2234 Conciliorum
1390 2185 1542 2234 tomo
1582 2180 1680 2250 XI,
1746 2179 1853 2234 col.
1898 2179 2039 2248 155,
2087 2179 2219 2235 edit.

299 2272 550 2345 Parisiis,
570 2275 765 2349 1671).
796 2275 1010 2333 Clarius
1031 2278 1269 2352 exprimi
1293 2279 1487 2352 nequit
1515 2279 1791 2354 primatus
1812 2278 2227 2352 jurisdictionis

304 2381 474 2445 quam
513 2374 600 2431 his
641 2376 823 2432 verbis
878 2399 887 2431 :
950 2376 1253 2434 Orclinaria’.
1295 2380 1577 2453 potestatis
1633 2380 1831 2434 obtinet
1871 2380 2226 2453 principatum

300 2490 458 2547 super
484 2492 663 2530 omnes
689 2472 827 2532 alias
852 2477 1135 2534 Ecclesia&
1446 2461 1449 2466 ¹

379 2570 505 2629 VIII.
551 2574 635 2629 Em
658 2577 789 2631 ccctis
833 2581 1165 2634 oecnmenicae
1201 2580 1392 2653 synodi
1431 2580 1649 2634 decimae
1685 2585 1921 2651 quartae,
1962 2597 2080 2652 quae
2124 2581 2230 2651 suit

300 2670 669 2743 Luydunensis
705 2677 970 2746 secunda,
1016 2677 1338 2734 anni1274.
1397 2711 1466 2719 —-
1526 2677 1614 2734 Sic
1653 2677 1819 2733 habet
1858 2677 1987 2733 Pius
2024 2675 2120 2745 VI,
2170 2675 2227 2729 in

301 2769 457 2825 Brevi
480 2771 651 2844 Super
681 2776 986 2847 soliditate,
1026 2778 1266 2851 loquens
1311 2778 1378 2834 de
1420 2780 1524 2835 hac
1572 2778 1784 2854 synodo
1836 2801 1847 2834 :
1901 2798 1927 2830 «
1960 2775 2120 2832 Edita
2150 2781 2225 2831 est

305 2868 621 2924 Graecorum
664 2872 790 2928 fidei
834 2875 1143 2948 professio,
1209 2896 1321 2950 qua
1366 2896 1424 2934 se
1466 2896 1868 2950 recognoscere
1909 2881 2229 2943 testantur,

303 2968 612 3051 Romanam
632 2969 935 3028 Ecclesiam
977 2993 1269 3030 summum
1301 2982 1354 3031 et
1398 2975 1630 3049 plenum
1672 2976 1981 3050 primatum
2006 2980 2057 3030 et
2079 2974 2235 3048 prin-

301 3066 552 3141 cipatum
595 3087 766 3143 super
806 3070 1133 3127 universam
1179 3072 1485 3128 Ecclesiam
1543 3072 1883 3128 catholicam
1936 3070 2233 3142 obtinere,

303 3183 549 3239 eumque
579 3167 647 3222 ab
678 3167 799 3243 ipso
825 3168 1059 3225 Domino
1083 3215 1096 3239 ,
1151 3171 1209 3225 in
1238 3171 1399 3227 beato
1444 3171 1602 3227 Petro
1634 3171 2034 3246 Apostolorum
2083 3170 2237 3246 prin-

302 3264 425 3340 cipe
452 3266 565 3323 sive
594 3267 822 3339 vertice,
849 3270 1013 3343 cujus
1042 3270 1330 3326 Romanus
1364 3269 1617 3327 Pontifex
1645 3276 1725 3327 est
1755 3288 2069 3340 successor,
2106 3288 2236 3326 curn

306 3367 596 3440 potestatis
625 3368 1002 3443 plenitudine,
1037 3372 1342 3447 recepisse.
1382 3393 1409 3425 »

376 3465 551 3524 Verba
594 3468 715 3542 ipsa
759 3470 1127 3545 professionis
1167 3472 1296 3529 fidei
1340 3472 1675 3547 subjicimus
1728 3493 1739 3526 :
1801 3493 1827 3524 «
1853 3472 1976 3545 Ipsa
2013 3488 2239 3543 quoque

304 3571 496 3621 sancta
533 3567 785 3626 Romana
827 3571 1072 3628 Ecclesia
1120 3591 1413 3629 summum
1464 3579 1517 3629 et
1555 3573 1788 3648 plenum
1836 3568 2146 3644 primatum
2186 3576 2237 3627 et

306 3659 690 3737 principatum
722 3687 891 3745 super
915 3671 1242 3727 universam
1271 3671 1579 3728 Ecclesiam
1609 3667 1945 3726 catholicam
1973 3668 2190 3724 obtinet
2222 3690 2232 3723 :

311 3776 479 3830 quem
502 3777 561 3818 se
588 3765 656 3819 ab
682 3767 801 3841 ipso
835 3769 1068 3825 Domino
1095 3769 1155 3823 in
1182 3770 1343 3826 beato
1370 3771 1531 3828 Petro
1554 3767 1948 3844 Apostolorum
1984 3768 2240 3841 principe
