2320 4010
851 206 977 253 PARS
1006 206 1245 253 SECUNDA.
1719 238 1721 240 -
1900 202 1989 250 475

116 315 171 371 in
198 315 417 371 casibus
444 311 692 369 Ecclesiae
729 310 1158 367 destructionem
1184 310 1607 383 tangentibus..
1635 307 1748 364 Etsi
1779 324 1990 379 quaera-

112 419 209 467 tur
239 434 248 464 :
286 411 331 466 si
370 411 509 484 Papa
542 410 598 464 in
625 409 709 464 his
744 409 964 465 casibus
998 413 1212 463 recuset
1237 406 1497 479 judicari,
1529 405 1825 462 concilium
1853 404 1989 477 quid

120 508 316 563 t'aciat‘?
346 505 720 580 Respondetur
755 504 902 577 quod
936 504 992 559 in
1035 504 1137 559 hoc
1166 521 1321 572 caSU,
1350 502 1396 558 si
1431 504 1534 558 hoc
1557 506 1794 572 recuset,
1835 500 1989 556 susti-

120 603 329 659 cienter
356 602 681 675 requisituS,
739 600 1051 656 faciendum
1084 606 1165 655 est
1195 599 1340 655 sicut
1376 598 1445 670 si,
1479 599 1609 655 sede
1638 604 1886 668 vacante,
1917 598 1990 653 si-

124 700 270 754 milis
302 705 611 755 occurreret
636 699 1005 753 necessitas...
1029 696 1167 766 Nisi,
1189 696 1319 751 sede
1343 702 1569 751 vacante
1598 696 1682 751 vel
1709 696 1875 750 etiam
1906 712 1989 750 re-

111 803 342 864 nuente,
363 794 658 850 concilium
673 774 937 849 celebrari
956 798 1163 866 posset,
1181 797 1231 846 et
1251 809 1348 864 per
1359 791 1656 846 Ecclesiam
1677 791 1988 846 remedium

119 892 390 959 adhiberi,
420 895 742 962 sequeretur
774 888 919 960 quod
958 887 1195 942 Ecclesia
1234 905 1343 942 non
1370 888 1599 942 haberet
1625 886 1991 942 sufficientem

119 987 528 1041 foecunditatem
569 986 636 1040 ad
675 1003 790 1040 sese
828 983 1314 1040 conservandum»
1359 982 1606 1052 (ibidem,
1646 999 1770 1055 pag.
1806 982 1915 1038 959
1943 989 1997 1038 et

118 1079 270 1149 960).

190 1176 265 1229 Ad
296 1175 748 1248 protestanticum
778 1182 1039 1249 systema,
1074 1175 1140 1230 de
1162 1174 1414 1229 habenda
1444 1191 1600 1229 sacra
1620 1173 1907 1247 Scriptura
1933 1176 2001 1230 ah

120 1288 448 1342 unoquoque
481 1272 755 1327 intellecta
792 1279 1058 1343 tanquam
1102 1289 1367 1344 suprema
1391 1270 1514 1324 fidei
1542 1271 1756 1341 regula,
1790 1276 1841 1324 et
1869 1277 1992 1325 tan-

121 1384 284 1437 quam
305 1373 454 1439 petra
473 1386 638 1440 supra
662 1386 827 1439 quam
843 1367 1091 1421 Christus
1115 1367 1412 1421 Ecclesiam
1440 1384 1597 1420 suam
1620 1366 1994 1437 aedificaverit,

123 1460 193 1515 ita
226 1461 429 1516 accedit
463 1462 648 1517 Petrus
677 1463 742 1517 dc
770 1462 995 1532 AlliacO,
1020 1467 1209 1516 utnon
1239 1461 1517 1516 immerito
1548 1462 1733 1516 forsan
1761 1480 1889 1515 eum
1912 1481 2000 1518 vc-

122 1573 243 1610 rum
271 1557 433 1629 hujus
465 1558 774 1630 systematis
802 1564 1081 1631 parentem
1107 1557 1233 1629 quis
1258 1557 1475 1613 dixerit.

194 1652 471 1707 Dissereus
517 1655 720 1727 quippe
753 1654 817 1708 de
851 1654 935 1708 his
958 1654 1158 1708 Christi
1185 1654 1387 1723 verhiS,
1430 1654 1598 1727 Super
1634 1655 1761 1709 hanc
1789 1664 1996 1727 petram

120 1749 379 1819 a’dificabo
420 1750 705 1804 Ecclesiam
744 1768 930 1819 meum,
963 1750 1040 1804 sic
1073 1750 1232 1804 habet
1261 1772 1271 1802 :
1309 1771 1335 1801 «
1359 1750 1804 1821 Investigandum
1836 1751 1995 1806 nobis

118 1851 197 1897 cst
239 1862 359 1915 quac
393 1845 455 1898 sit
489 1846 601 1899 haec
643 1852 816 1917 petra,
852 1863 1019 1917 super
1061 1863 1229 1916 quam
1270 1845 1587 1900 aedificanda
1635 1852 1751 1900 erat
1797 1847 1995 1901 Christi

114 1939 371 2010 Ecclesia,
390 1947 441 1994 et
460 1941 720 1996 adversus
746 1941 1045 1996 Ecclesiam
1073 1941 1276 1996 diaboli
1301 1941 1757 2023 confirmanda...
1788 1943 1993 1998 Secun-

115 2035 246 2090 dum
296 2036 642 2109 spiritualem
695 2038 1060 2104 intellectum,
1109 2055 1207 2111 per
1258 2039 1401 2091 hanc
1451 2044 1686 2111 petram,
1750 2038 1995 2094 divinam

115 2132 456 2205 Scripturani
497 2140 547 2188 ct
593 2153 806 2188 sacram
834 2135 1035 2189 Christi
1065 2135 1377 2189 doctrinam
1421 2135 1643 2206 signare
1677 2154 1998 2208 possumUS,

117 2247 236 2298 qua¹
263 2236 371 2283 tam
400 2231 570 2283 firma*¹
603 2231 899 2285 soliditatis
925 2238 975 2285 et
1008 2238 1121 2286 tam
1161 2232 1349 2286 solidae
1376 2232 1655 2287 firmitatis
1693 2234 1900 2304 existit,
1936 2242 1997 2290 ut

120 2343 227 2378 uon
259 2325 532 2379 immerito
567 2344 731 2398 super
759 2345 880 2380 cam
907 2328 1105 2381 Christi
1131 2328 1367 2383 Ecclesia
1399 2329 1630 2384 fundata
1666 2331 1808 2386 sit...
1835 2333 1996 2395 Quot-

121 2427 253 2490 quot
278 2439 406 2491 crgo
438 2427 559 2474 sunt
591 2421 789 2474 Christi
818 2423 1058 2493 eloquia,
1086 2430 1219 2494 quot
1258 2424 1576 2478 christianae
1607 2426 1870 2480 doctrinae
1891 2433 1995 2482 tes-

122 2517 371 2583 timonia,
420 2523 496 2571 tot
541 2517 647 2570 dici
691 2525 920 2591 possunt
954 2519 1270 2572 christianae
1307 2519 1558 2574 Ecclesiae
1607 2521 1988 2577 fundamenta.

119 2613 279 2667 Sacra
314 2613 484 2685 igitur
516 2614 819 2687 Scriptura,
853 2615 1048 2670 Christi
1079 2617 1413 2686 testimoniO,
1460 2617 1516 2670 in
1558 2624 1828 2673 {eternum
1865 2621 1992 2675 fun-

118 2707 262 2776 data,
293 2709 654 2782 spiritualiter
676 2710 908 2783 intelligi
937 2718 1113 2784 potest
1145 2713 1236 2765 illa
1266 2712 1421 2766 tirma
1455 2720 1608 2786 petra
1636 2734 1991 2789 superquam

118 2803 472 2859 aediticatacst
503 2805 808 2862 Ecclesia...
838 2807 1089 2862 Christus
1113 2827 1352 2880 namque
1377 2809 1464 2863 Dei
1493 2810 1666 2865 virtus
1695 2817 1745 2866 et
1773 2812 1991 2886 sapien-

121 2899 216 2966 tia,
249 2899 496 2954 Ecclesiae
518 2920 630 2955 susc¹
661 2903 909 2970 domum,
943 2922 1109 2975 quam
1143 2911 1344 2959 aetcrna
1387 2912 1571 2961 mente
1596 2908 1868 2980 concepit,
1899 2927 1990 2963 su·

124 3011 218 3064 per
273 3013 438 3049 sacrae
493 2998 784 3071 Scripturae
831 3002 1251 3057 fundamentum
1293 3005 1582 3076 temporali
1632 3004 1994 3058 aedificatione

116 3090 478 3161 complevit...
506 3092 603 3146 Per
632 3095 744 3149 hacc
770 3096 940 3167 igitur
963 3117 1139 3167 arina,
1167 3101 1267 3152 hoc
1295 3105 1399 3168 est,
1446 3118 1542 3171 per
1578 3098 1750 3151 divini
1787 3097 1993 3168 eloquii

119 3182 300 3250 verba,
333 3184 643 3239 defenditur
662 3187 854 3243 civitas
886 3191 976 3245 Dei
1009 3192 1271 3245 adversus
1290 3193 1568 3246 civitatem
1590 3191 1866 3246 diaboli...
1893 3191 1992 3247 Per

120 3280 229 3333 hirc
256 3297 403 3333 arma
428 3281 724 3335 vincuntur
752 3285 987 3350 erronei,
1028 3286 1384 3356 corriguntur
1415 3286 1679 3355 haeretici,
1707 3288 1987 3344 feriuntur

117 3376 475 3435 schismatici,
495 3378 1117 3450 percutiunturiniqui..
1134 3403 1166 3445 .;
1192 3382 1478 3451 quoniam,
1502 3389 1561 3436 ut
1577 3383 1979 3456 aitApostoluS,

117 3474 256 3527 vivus
297 3482 368 3527 est
394 3492 561 3527 sermo
598 3474 685 3528 Dei
726 3484 773 3529 et
812 3477 1004 3546 efficax
1038 3484 1087 3529 et
1126 3478 1497 3549 penetrabilior
1537 3477 1711 3550 qladio
1744 3483 1982 3553 ancipiti,

106 3571 399 3642 pertinyens
425 3588 578 3642 mque
602 3571 666 3625 ad
697 3571 999 3626 divisione-m
1020 3574 1210 3628 arzimae
1236 3583 1281 3627 e!
1303 3575 1517 3646 spiritus
1555 3574 1736 3645 (Hebr.
1765 3595 1831 3644 iv,
1862 3577 1976 3648 12).
