<?xml version="1.0" encoding="UTF-8"?>
<!DOCTYPE html PUBLIC "-//W3C//DTD XHTML 1.0 Transitional//EN"
    "http://www.w3.org/TR/xhtml1/DTD/xhtml1-transitional.dtd">
<html xmlns="http://www.w3.org/1999/xhtml" xml:lang="en" lang="en">
 <head>
  <title>
</title>
<meta http-equiv="Content-Type" content="text/html;charset=utf-8" />
  <meta name='ocr-system' content='tesseract 3.04.00' />
  <meta name='ocr-capabilities' content='ocr_page ocr_carea ocr_par ocr_line ocrx_word'/>
</head>
<body>
  <div class='ocr_page' id='page_1' title='image "a548470101bouiuoft_0255.png"; bbox 0 0 2320 4010; ppageno 0'>
   <div class='ocr_carea' id='block_1_1' title="bbox 797 214 1935 269">
    <p class='ocr_par' dir='ltr' id='par_1_1' title="bbox 797 214 1935 269">
     <span class='ocr_line' id='line_1_1' title="bbox 797 214 1935 269; baseline -0.007 -1"><span class='ocrx_word' id='word_1_1' title='bbox 797 222 920 268; x_wconf 70' lang='lat' dir='ltr'>PARS</span> <span class='ocrx_word' id='word_1_2' title='bbox 950 222 1188 269; x_wconf 74' lang='lat' dir='ltr'>SECUNDA.</span> <span class='ocrx_word' id='word_1_3' title='bbox 1846 214 1935 261; x_wconf 69' lang='lat'>245</span> 
     </span>
    </p>
   </div>
   <div class='ocr_carea' id='block_1_2' title="bbox 18 310 1951 3659">
    <p class='ocr_par' dir='ltr' id='par_1_2' title="bbox 61 310 1946 1268">
     <span class='ocr_line' id='line_1_2' title="bbox 61 310 1938 402; baseline -0.002 -21"><span class='ocrx_word' id='word_1_4' title='bbox 61 341 287 402; x_wconf 82' lang='lat' dir='ltr'>prorsus</span> <span class='ocrx_word' id='word_1_5' title='bbox 331 324 511 380; x_wconf 87' lang='lat' dir='ltr'>fuerat</span> <span class='ocrx_word' id='word_1_6' title='bbox 547 330 598 380; x_wconf 91' lang='lat' dir='ltr'>et</span> <span class='ocrx_word' id='word_1_7' title='bbox 637 324 1008 393; x_wconf 86' lang='lat' dir='ltr'>irridebatur;</span> <span class='ocrx_word' id='word_1_8' title='bbox 1041 345 1143 382; x_wconf 91' lang='lat' dir='ltr'>nec</span> <span class='ocrx_word' id='word_1_9' title='bbox 1183 310 1381 382; x_wconf 87' lang='lat' dir='ltr'>revixit</span> <span class='ocrx_word' id='word_1_10' title='bbox 1424 324 1534 381; x_wconf 90' lang='lat' dir='ltr'>nisi</span> <span class='ocrx_word' id='word_1_11' title='bbox 1566 316 1938 379; x_wconf 73' lang='lat' dir='ltr'>&#39;anno1665.</span> 
     </span>
     <span class='ocr_line' id='line_1_3' title="bbox 65 419 1937 491; baseline -0.004 -12"><span class='ocrx_word' id='word_1_12' title='bbox 65 425 195 491; x_wconf 82' lang='lat' dir='ltr'>Quae</span> <span class='ocrx_word' id='word_1_13' title='bbox 223 421 404 477; x_wconf 91' lang='lat' dir='ltr'>omnia</span> <span class='ocrx_word' id='word_1_14' title='bbox 438 421 789 477; x_wconf 82' lang='lat' dir='ltr'><strong>documentis</strong></span> <span class='ocrx_word' id='word_1_15' title='bbox 820 422 964 477; x_wconf 84' lang='lat' dir='ltr'>infra</span> <span class='ocrx_word' id='word_1_16' title='bbox 992 422 1466 478; x_wconf 81' lang='lat' dir='ltr'><strong>demonstrantur.</strong></span> <span class='ocrx_word' id='word_1_17' title='bbox 1498 419 1781 484; x_wconf 87' lang='lat' dir='ltr'>Quomodo</span> <span class='ocrx_word' id='word_1_18' title='bbox 1810 434 1937 490; x_wconf 87' lang='lat' dir='ltr'>ergo</span> 
     </span>
     <span class='ocr_line' id='line_1_4' title="bbox 67 515 1937 595; baseline -0.004 -20"><span class='ocrx_word' id='word_1_19' title='bbox 67 518 243 595; x_wconf 89' lang='lat' dir='ltr'>potuit</span> <span class='ocrx_word' id='word_1_20' title='bbox 269 517 588 572; x_wconf 89' lang='lat' dir='ltr'>Bossuetius</span> <span class='ocrx_word' id='word_1_21' title='bbox 623 533 888 587; x_wconf 86' lang='lat' dir='ltr'>asserere,</span> <span class='ocrx_word' id='word_1_22' title='bbox 923 521 1199 572; x_wconf 80' lang='lat' dir='ltr'>convenire</span> <span class='ocrx_word' id='word_1_23' title='bbox 1244 520 1379 573; x_wconf 83' lang='lat' dir='ltr'>inter</span> <span class='ocrx_word' id='word_1_24' title='bbox 1409 534 1584 572; x_wconf 83' lang='lat' dir='ltr'>omnes</span> <span class='ocrx_word' id='word_1_25' title='bbox 1634 515 1937 582; x_wconf 62' lang='lat' dir='ltr'>catholiam,</span> 
     </span>
     <span class='ocr_line' id='line_1_5' title="bbox 65 612 1938 696; baseline -0.003 -25"><span class='ocrx_word' id='word_1_26' title='bbox 65 614 404 696; x_wconf 78' lang='lat' dir='ltr'>Pontiticium</span> <span class='ocrx_word' id='word_1_27' title='bbox 458 613 740 669; x_wconf 91' lang='lat' dir='ltr'>decretum</span> <span class='ocrx_word' id='word_1_28' title='bbox 786 631 895 668; x_wconf 92' lang='lat' dir='ltr'>non</span> <span class='ocrx_word' id='word_1_29' title='bbox 959 613 1151 669; x_wconf 87' lang='lat' dir='ltr'>haberi</span> <span class='ocrx_word' id='word_1_30' title='bbox 1198 631 1299 685; x_wconf 81' lang='lat' dir='ltr'>pro</span> <span class='ocrx_word' id='word_1_31' title='bbox 1356 612 1752 681; x_wconf 78' lang='lat' dir='ltr'><strong><em>irreformabili,</em></strong></span> <span class='ocrx_word' id='word_1_32' title='bbox 1808 629 1938 666; x_wconf 91' lang='lat' dir='ltr'>cum</span> 
     </span>
     <span class='ocr_line' id='line_1_6' title="bbox 70 707 1946 783; baseline -0.003 -16"><span class='ocrx_word' id='word_1_33' title='bbox 70 711 406 767; x_wconf 86' lang='lat' dir='ltr'>contrarium</span> <span class='ocrx_word' id='word_1_34' title='bbox 437 710 508 766; x_wconf 91' lang='lat' dir='ltr'>sit</span> <span class='ocrx_word' id='word_1_35' title='bbox 541 710 888 766; x_wconf 87' lang='lat' dir='ltr'>notorietatis</span> <span class='ocrx_word' id='word_1_36' title='bbox 917 709 1194 783; x_wconf 75' lang='lat' dir='ltr'>publicae?</span> <span class='ocrx_word' id='word_1_37' title='bbox 1222 707 1536 763; x_wconf 85' lang='lat' dir='ltr'>Concedunt</span> <span class='ocrx_word' id='word_1_38' title='bbox 1563 707 1788 778; x_wconf 91' lang='lat' dir='ltr'>quidem</span> <span class='ocrx_word' id='word_1_39' title='bbox 1820 707 1946 762; x_wconf 92' lang='lat' dir='ltr'>doc-</span> 
     </span>
     <span class='ocr_line' id='line_1_7' title="bbox 70 801 1941 880; baseline -0.004 -16"><span class='ocrx_word' id='word_1_40' title='bbox 70 814 213 864; x_wconf 81' lang='lat' dir='ltr'>tores</span> <span class='ocrx_word' id='word_1_41' title='bbox 232 807 704 880; x_wconf 86' lang='lat' dir='ltr'>catholici(multi,</span> <span class='ocrx_word' id='word_1_42' title='bbox 734 825 844 862; x_wconf 91' lang='lat' dir='ltr'>non</span> <span class='ocrx_word' id='word_1_43' title='bbox 875 808 1092 877; x_wconf 89' lang='lat' dir='ltr'>omnes)</span> <span class='ocrx_word' id='word_1_44' title='bbox 1119 803 1463 860; x_wconf 83' lang='lat' dir='ltr'>Pontificiam</span> <span class='ocrx_word' id='word_1_45' title='bbox 1482 801 1941 857; x_wconf 82' lang='lat' dir='ltr'>infallibilitatem</span> 
     </span>
     <span class='ocr_line' id='line_1_8' title="bbox 71 895 1942 974; baseline -0.005 -14"><span class='ocrx_word' id='word_1_46' title='bbox 71 906 294 960; x_wconf 82' lang='lat' dir='ltr'>nondum</span> <span class='ocrx_word' id='word_1_47' title='bbox 342 923 451 960; x_wconf 83' lang='lat' dir='ltr'>esse</span> <span class='ocrx_word' id='word_1_48' title='bbox 501 905 563 959; x_wconf 83' lang='lat' dir='ltr'>de</span> <span class='ocrx_word' id='word_1_49' title='bbox 600 904 723 974; x_wconf 78' lang='lat' dir='ltr'>fide,</span> <span class='ocrx_word' id='word_1_50' title='bbox 802 920 864 958; x_wconf 90' lang='lat' dir='ltr'>eo</span> <span class='ocrx_word' id='word_1_51' title='bbox 922 902 1071 974; x_wconf 91' lang='lat' dir='ltr'>quod</span> <span class='ocrx_word' id='word_1_52' title='bbox 1104 900 1357 956; x_wconf 92' lang='lat' dir='ltr'>nondum</span> <span class='ocrx_word' id='word_1_53' title='bbox 1398 915 1659 973; x_wconf 85' lang='lat' dir='ltr'>expresse</span> <span class='ocrx_word' id='word_1_54' title='bbox 1716 895 1942 952; x_wconf 83' lang='lat' dir='ltr'>definita</span> 
     </span>
     <span class='ocr_line' id='line_1_9' title="bbox 70 994 1944 1074; baseline -0.005 -18"><span class='ocrx_word' id='word_1_55' title='bbox 70 1001 255 1070; x_wconf 86' lang='lat' dir='ltr'>fuerit,</span> <span class='ocrx_word' id='word_1_56' title='bbox 285 1007 336 1056; x_wconf 91' lang='lat' dir='ltr'>et</span> <span class='ocrx_word' id='word_1_57' title='bbox 372 1001 465 1074; x_wconf 94' lang='lat' dir='ltr'>qui</span> <span class='ocrx_word' id='word_1_58' title='bbox 497 1019 617 1056; x_wconf 90' lang='lat' dir='ltr'>eam</span> <span class='ocrx_word' id='word_1_59' title='bbox 649 1007 849 1073; x_wconf 86' lang='lat' dir='ltr'>negant</span> <span class='ocrx_word' id='word_1_60' title='bbox 883 1017 991 1055; x_wconf 93' lang='lat' dir='ltr'>non</span> <span class='ocrx_word' id='word_1_61' title='bbox 1030 1016 1140 1054; x_wconf 83' lang='lat' dir='ltr'>esse</span> <span class='ocrx_word' id='word_1_62' title='bbox 1173 999 1462 1052; x_wconf 60' lang='lat' dir='ltr'>haereticos.</span> <span class='ocrx_word' id='word_1_63' title='bbox 1512 997 1576 1050; x_wconf 84' lang='lat' dir='ltr'>At</span> <span class='ocrx_word' id='word_1_64' title='bbox 1622 994 1944 1050; x_wconf 91' lang='lat' dir='ltr'>nullatenus</span> 
     </span>
     <span class='ocr_line' id='line_1_10' title="bbox 72 1092 1944 1168; baseline -0.004 -16"><span class='ocrx_word' id='word_1_65' title='bbox 72 1098 372 1153; x_wconf 89' lang='lat' dir='ltr'>concedunt</span> <span class='ocrx_word' id='word_1_66' title='bbox 422 1097 547 1152; x_wconf 84' lang='lat' dir='ltr'>fidei</span> <span class='ocrx_word' id='word_1_67' title='bbox 588 1097 932 1152; x_wconf 82' lang='lat' dir='ltr'>definitiones</span> <span class='ocrx_word' id='word_1_68' title='bbox 967 1114 996 1150; x_wconf 85' lang='lat' dir='ltr'>a</span> <span class='ocrx_word' id='word_1_69' title='bbox 1044 1095 1183 1168; x_wconf 84' lang='lat' dir='ltr'>Papa</span> <span class='ocrx_word' id='word_1_70' title='bbox 1213 1094 1389 1149; x_wconf 87' lang='lat' dir='ltr'>editas</span> <span class='ocrx_word' id='word_1_71' title='bbox 1433 1110 1542 1147; x_wconf 83' lang='lat' dir='ltr'>esse</span> <span class='ocrx_word' id='word_1_72' title='bbox 1580 1092 1944 1164; x_wconf 80' lang='lat' dir='ltr'>reformabiles</span> 
     </span>
     <span class='ocr_line' id='line_1_11' title="bbox 76 1179 1371 1268; baseline -0.004 -20"><span class='ocrx_word' id='word_1_73' title='bbox 76 1199 198 1249; x_wconf 83' lang='lat' dir='ltr'>ante</span> <span class='ocrx_word' id='word_1_74' title='bbox 228 1194 702 1268; x_wconf 77' lang='lat' dir='ltr'>supervenientem</span> <span class='ocrx_word' id='word_1_75' title='bbox 734 1193 985 1247; x_wconf 77' lang='lat' dir='ltr'>Ecclesiae</span> <span class='ocrx_word' id='word_1_76' title='bbox 1018 1179 1371 1246; x_wconf 85' lang='lat' dir='ltr'>consensum.</span> 
     </span>
    </p>

    <p class='ocr_par' dir='ltr' id='par_1_3' title="bbox 75 1284 1951 2013">
     <span class='ocr_line' id='line_1_12' title="bbox 149 1284 1947 1358; baseline -0.004 -13"><span class='ocrx_word' id='word_1_77' title='bbox 149 1291 346 1358; x_wconf 79' lang='lat' dir='ltr'>Quarta</span> <span class='ocrx_word' id='word_1_78' title='bbox 378 1293 594 1346; x_wconf 82' lang='lat' dir='ltr'>assertio</span> <span class='ocrx_word' id='word_1_79' title='bbox 625 1290 784 1357; x_wconf 77' lang='lat' dir='ltr'>salsa.</span> <span class='ocrx_word' id='word_1_80' title='bbox 817 1321 885 1329; x_wconf 90' lang='lat'>-</span> <span class='ocrx_word' id='word_1_81' title='bbox 912 1289 1119 1344; x_wconf 88' lang='lat' dir='ltr'>Asserit</span> <span class='ocrx_word' id='word_1_82' title='bbox 1146 1289 1468 1343; x_wconf 85' lang='lat' dir='ltr'>Bossuetius</span> <span class='ocrx_word' id='word_1_83' title='bbox 1494 1285 1791 1342; x_wconf 82' lang='lat' dir='ltr'>conventui</span> <span class='ocrx_word' id='word_1_84' title='bbox 1814 1284 1947 1339; x_wconf 91' lang='lat' dir='ltr'>anni</span> 
     </span>
     <span class='ocr_line' id='line_1_13' title="bbox 82 1384 1951 1461; baseline -0.004 -19"><span class='ocrx_word' id='word_1_85' title='bbox 82 1387 220 1442; x_wconf 79' lang='lat'><strong>1682</strong></span> <span class='ocrx_word' id='word_1_86' title='bbox 243 1388 537 1461; x_wconf 78' lang='lat' dir='ltr'>placuisse,</span> <span class='ocrx_word' id='word_1_87' title='bbox 567 1391 621 1438; x_wconf 92' lang='lat' dir='ltr'>ut</span> <span class='ocrx_word' id='word_1_88' title='bbox 655 1402 750 1456; x_wconf 90' lang='lat' dir='ltr'>pro</span> <span class='ocrx_word' id='word_1_89' title='bbox 789 1389 935 1437; x_wconf 83' lang='lat' dir='ltr'>certo</span> <span class='ocrx_word' id='word_1_90' title='bbox 973 1384 1226 1454; x_wconf 79' lang='lat' dir='ltr'>dogmate</span> <span class='ocrx_word' id='word_1_91' title='bbox 1252 1385 1460 1454; x_wconf 83' lang='lat' dir='ltr'>figeret,</span> <span class='ocrx_word' id='word_1_92' title='bbox 1492 1386 1765 1437; x_wconf 81' lang='lat' dir='ltr'>convenire</span> <span class='ocrx_word' id='word_1_93' title='bbox 1812 1385 1951 1435; x_wconf 80' lang='lat' dir='ltr'>inter</span> 
     </span>
     <span class='ocr_line' id='line_1_14' title="bbox 83 1479 1951 1550; baseline -0.003 -15"><span class='ocrx_word' id='word_1_94' title='bbox 83 1501 251 1539; x_wconf 75' lang='lat' dir='ltr'>munes</span> <span class='ocrx_word' id='word_1_95' title='bbox 294 1484 569 1538; x_wconf 80' lang='lat' dir='ltr'>catholicos</span> <span class='ocrx_word' id='word_1_96' title='bbox 590 1479 933 1535; x_wconf 84' lang='lat' dir='ltr'>Pontificium</span> <span class='ocrx_word' id='word_1_97' title='bbox 959 1479 1242 1534; x_wconf 88' lang='lat' dir='ltr'>decretum</span> <span class='ocrx_word' id='word_1_98' title='bbox 1271 1497 1374 1533; x_wconf 77' lang='lat' dir='ltr'>non</span> <span class='ocrx_word' id='word_1_99' title='bbox 1409 1481 1589 1532; x_wconf 84' lang='lat' dir='ltr'>haberi</span> <span class='ocrx_word' id='word_1_100' title='bbox 1612 1497 1709 1550; x_wconf 77' lang='lat' dir='ltr'>pro</span> <span class='ocrx_word' id='word_1_101' title='bbox 1734 1479 1951 1548; x_wconf 79' lang='lat' dir='ltr'>irrefor-</span> 
     </span>
     <span class='ocr_line' id='line_1_15' title="bbox 82 1571 1950 1632; baseline -0.003 0"><span class='ocrx_word' id='word_1_102' title='bbox 82 1579 251 1632; x_wconf 81' lang='lat' dir='ltr'>mabili</span> <span class='ocrx_word' id='word_1_103' title='bbox 279 1579 381 1632; x_wconf 86' lang='lat' dir='ltr'>nisi</span> <span class='ocrx_word' id='word_1_104' title='bbox 424 1576 670 1632; x_wconf 78' lang='lat' dir='ltr'>Ecclesiae</span> <span class='ocrx_word' id='word_1_105' title='bbox 709 1591 1014 1629; x_wconf 83' lang='lat' dir='ltr'>consensus</span> <span class='ocrx_word' id='word_1_106' title='bbox 1053 1574 1365 1630; x_wconf 85' lang='lat' dir='ltr'>accesserit.</span> <span class='ocrx_word' id='word_1_107' title='bbox 1408 1574 1572 1627; x_wconf 84' lang='lat' dir='ltr'>Porro</span> <span class='ocrx_word' id='word_1_108' title='bbox 1603 1579 1655 1627; x_wconf 91' lang='lat' dir='ltr'>et</span> <span class='ocrx_word' id='word_1_109' title='bbox 1687 1571 1834 1627; x_wconf 87' lang='lat' dir='ltr'>istud</span> <span class='ocrx_word' id='word_1_110' title='bbox 1860 1589 1950 1626; x_wconf 74' lang='lat' dir='ltr'>ve-</span> 
     </span>
     <span class='ocr_line' id='line_1_16' title="bbox 81 1668 1948 1742; baseline -0.003 -14"><span class='ocrx_word' id='word_1_111' title='bbox 81 1675 240 1730; x_wconf 84' lang='lat' dir='ltr'>ritate</span> <span class='ocrx_word' id='word_1_112' title='bbox 269 1681 432 1729; x_wconf 83' lang='lat' dir='ltr'>earet.</span> <span class='ocrx_word' id='word_1_113' title='bbox 473 1673 614 1727; x_wconf 90' lang='lat' dir='ltr'>Dixit</span> <span class='ocrx_word' id='word_1_114' title='bbox 651 1669 870 1741; x_wconf 89' lang='lat' dir='ltr'>quidem</span> <span class='ocrx_word' id='word_1_115' title='bbox 904 1676 1208 1725; x_wconf 71' lang='lat' dir='ltr'>conventus</span> <span class='ocrx_word' id='word_1_116' title='bbox 1243 1671 1345 1725; x_wconf 82' lang='lat' dir='ltr'>iste</span> <span class='ocrx_word' id='word_1_117' title='bbox 1363 1670 1641 1742; x_wconf 91' lang='lat' dir='ltr'>judicium</span> <span class='ocrx_word' id='word_1_118' title='bbox 1669 1668 1948 1723; x_wconf 85' lang='lat' dir='ltr'>Pontificis</span> 
     </span>
     <span class='ocr_line' id='line_1_17' title="bbox 81 1765 1951 1838; baseline -0.005 -14"><span class='ocrx_word' id='word_1_119' title='bbox 81 1788 181 1824; x_wconf 82' lang='lat' dir='ltr'>non</span> <span class='ocrx_word' id='word_1_120' title='bbox 215 1787 325 1823; x_wconf 88' lang='grc'><em>6336</em></span> <span class='ocrx_word' id='word_1_121' title='bbox 359 1765 743 1838; x_wconf 74' lang='lat' dir='ltr'>irreformabile</span> <span class='ocrx_word' id='word_1_122' title='bbox 787 1767 887 1819; x_wconf 74' lang='lat' dir='ltr'>nisi</span> <span class='ocrx_word' id='word_1_123' title='bbox 923 1766 1171 1820; x_wconf 64' lang='lat' dir='ltr'>Ecclesiae</span> <span class='ocrx_word' id='word_1_124' title='bbox 1213 1783 1494 1820; x_wconf 76' lang='lat' dir='ltr'>consensus</span> <span class='ocrx_word' id='word_1_125' title='bbox 1545 1766 1847 1822; x_wconf 56' lang='lat' dir='ltr'>accesserim</span> <span class='ocrx_word' id='word_1_126' title='bbox 1896 1769 1951 1816; x_wconf 88' lang='lat' dir='ltr'>at</span> 
     </span>
     <span class='ocr_line' id='line_1_18' title="bbox 80 1859 1947 1933; baseline -0.003 -16"><span class='ocrx_word' id='word_1_127' title='bbox 80 1862 298 1931; x_wconf 80' lang='lat' dir='ltr'>nullibi,</span> <span class='ocrx_word' id='word_1_128' title='bbox 335 1862 479 1933; x_wconf 90' lang='lat' dir='ltr'>quod</span> <span class='ocrx_word' id='word_1_129' title='bbox 519 1861 712 1930; x_wconf 89' lang='lat' dir='ltr'>sciam,</span> <span class='ocrx_word' id='word_1_130' title='bbox 765 1860 922 1930; x_wconf 80' lang='lat' dir='ltr'>dixit,</span> <span class='ocrx_word' id='word_1_131' title='bbox 964 1861 1038 1915; x_wconf 88' lang='lat' dir='ltr'>ita</span> <span class='ocrx_word' id='word_1_132' title='bbox 1084 1862 1352 1915; x_wconf 76' lang='lat' dir='ltr'>convenire</span> <span class='ocrx_word' id='word_1_133' title='bbox 1396 1862 1534 1913; x_wconf 58' lang='lat' dir='ltr'>‘inter</span> <span class='ocrx_word' id='word_1_134' title='bbox 1563 1876 1738 1912; x_wconf 83' lang='lat' dir='ltr'>omnes</span> <span class='ocrx_word' id='word_1_135' title='bbox 1770 1859 1947 1912; x_wconf 81' lang='lat' dir='ltr'>catho-</span> 
     </span>
     <span class='ocr_line' id='line_1_19' title="bbox 75 1959 220 2013; baseline 0.007 -1"><span class='ocrx_word' id='word_1_136' title='bbox 75 1959 220 2013; x_wconf 82' lang='lat' dir='ltr'>licos.</span> 
     </span>
    </p>

    <p class='ocr_par' dir='ltr' id='par_1_4' title="bbox 18 2051 1951 3466">
     <span class='ocr_line' id='line_1_20' title="bbox 147 2051 1949 2126; baseline -0.001 -18"><span class='ocrx_word' id='word_1_137' title='bbox 147 2053 334 2120; x_wconf 73' lang='lat' dir='ltr'>Quinta</span> <span class='ocrx_word' id='word_1_138' title='bbox 373 2057 590 2109; x_wconf 76' lang='lat' dir='ltr'>assertio</span> <span class='ocrx_word' id='word_1_139' title='bbox 621 2055 772 2126; x_wconf 83' lang='lat' dir='ltr'>salsa.</span> <span class='ocrx_word' id='word_1_140' title='bbox 804 2085 873 2094; x_wconf 89' lang='lat'>—</span> <span class='ocrx_word' id='word_1_141' title='bbox 904 2053 1150 2108; x_wconf 79' lang='lat' dir='ltr'>AEstimat</span> <span class='ocrx_word' id='word_1_142' title='bbox 1183 2053 1505 2108; x_wconf 89' lang='lat' dir='ltr'>Bossuetius</span> <span class='ocrx_word' id='word_1_143' title='bbox 1534 2051 1949 2106; x_wconf 78' lang='lat' dir='ltr'>infallibilitatis</span> 
     </span>
     <span class='ocr_line' id='line_1_21' title="bbox 75 2149 1951 2222; baseline 0 -19"><span class='ocrx_word' id='word_1_144' title='bbox 75 2150 428 2221; x_wconf 64' lang='lat' dir='ltr'>quaestionem</span> <span class='ocrx_word' id='word_1_145' title='bbox 501 2150 566 2204; x_wconf 86' lang='lat' dir='ltr'>ad</span> <span class='ocrx_word' id='word_1_146' title='bbox 615 2168 776 2204; x_wconf 83' lang='lat' dir='ltr'>vanas</span> <span class='ocrx_word' id='word_1_147' title='bbox 827 2156 879 2204; x_wconf 90' lang='lat' dir='ltr'>et</span> <span class='ocrx_word' id='word_1_148' title='bbox 932 2150 1280 2221; x_wconf 74' lang='lat' dir='ltr'>speculativas</span> <span class='ocrx_word' id='word_1_149' title='bbox 1345 2149 1780 2222; x_wconf 76' lang='lat' dir='ltr'>disceptationes</span> <span class='ocrx_word' id='word_1_150' title='bbox 1830 2166 1951 2203; x_wconf 91' lang='lat' dir='ltr'>esse</span> 
     </span>
     <span class='ocr_line' id='line_1_22' title="bbox 18 2246 1948 2318; baseline -0.001 -17"><span class='ocrx_word' id='word_1_151' title='bbox 18 2288 26 2293; x_wconf 86' lang='lat'>.</span> <span class='ocrx_word' id='word_1_152' title='bbox 77 2247 494 2303; x_wconf 88' lang='lat' dir='ltr'>amandandam.</span> <span class='ocrx_word' id='word_1_153' title='bbox 539 2247 706 2302; x_wconf 88' lang='lat' dir='ltr'>Porro</span> <span class='ocrx_word' id='word_1_154' title='bbox 756 2254 808 2302; x_wconf 88' lang='lat' dir='ltr'>et</span> <span class='ocrx_word' id='word_1_155' title='bbox 836 2248 946 2300; x_wconf 62' lang='lat' dir='ltr'>haec</span> <span class='ocrx_word' id='word_1_156' title='bbox 976 2247 1095 2318; x_wconf 89' lang='lat' dir='ltr'>ejus</span> <span class='ocrx_word' id='word_1_157' title='bbox 1147 2246 1419 2302; x_wconf 88' lang='lat' dir='ltr'>sententia</span> <span class='ocrx_word' id='word_1_158' title='bbox 1459 2246 1751 2301; x_wconf 86' lang='lat' dir='ltr'>manifeste</span> <span class='ocrx_word' id='word_1_159' title='bbox 1807 2246 1948 2300; x_wconf 88' lang='lat' dir='ltr'>salsa</span> 
     </span>
     <span class='ocr_line' id='line_1_23' title="bbox 78 2341 1943 2417; baseline 0.001 -23"><span class='ocrx_word' id='word_1_160' title='bbox 78 2346 176 2395; x_wconf 89' lang='lat' dir='ltr'>est.</span> <span class='ocrx_word' id='word_1_161' title='bbox 197 2341 327 2396; x_wconf 87' lang='lat' dir='ltr'>Nam</span> <span class='ocrx_word' id='word_1_162' title='bbox 355 2343 399 2396; x_wconf 91' lang='lat' dir='ltr'>si</span> <span class='ocrx_word' id='word_1_163' title='bbox 428 2343 565 2417; x_wconf 85' lang='lat' dir='ltr'>Papa</span> <span class='ocrx_word' id='word_1_164' title='bbox 594 2360 780 2398; x_wconf 86' lang='lat' dir='ltr'>errare</span> <span class='ocrx_word' id='word_1_165' title='bbox 808 2342 982 2416; x_wconf 85' lang='lat' dir='ltr'>possit</span> <span class='ocrx_word' id='word_1_166' title='bbox 1005 2343 1061 2397; x_wconf 90' lang='lat' dir='ltr'>in</span> <span class='ocrx_word' id='word_1_167' title='bbox 1084 2343 1312 2398; x_wconf 85' lang='lat' dir='ltr'>edendis</span> <span class='ocrx_word' id='word_1_168' title='bbox 1339 2344 1465 2398; x_wconf 84' lang='lat' dir='ltr'>fidei</span> <span class='ocrx_word' id='word_1_169' title='bbox 1498 2343 1943 2410; x_wconf 78' lang='lat' dir='ltr'>definitionihUS,</span> 
     </span>
     <span class='ocr_line' id='line_1_24' title="bbox 80 2438 1947 2512; baseline 0.001 -21"><span class='ocrx_word' id='word_1_170' title='bbox 80 2438 327 2509; x_wconf 90' lang='lat' dir='ltr'>sequitur</span> <span class='ocrx_word' id='word_1_171' title='bbox 356 2441 406 2494; x_wconf 82' lang='lat' dir='ltr'>in</span> <span class='ocrx_word' id='word_1_172' title='bbox 426 2443 582 2512; x_wconf 67' lang='lat' dir='ltr'>praaei</span> <span class='ocrx_word' id='word_1_173' title='bbox 619 2459 728 2496; x_wconf 92' lang='lat' dir='ltr'>non</span> <span class='ocrx_word' id='word_1_174' title='bbox 754 2441 932 2494; x_wconf 88' lang='lat' dir='ltr'>teneri</span> <span class='ocrx_word' id='word_1_175' title='bbox 974 2440 1162 2495; x_wconf 87' lang='lat' dir='ltr'>lideles</span> <span class='ocrx_word' id='word_1_176' title='bbox 1200 2440 1349 2495; x_wconf 84' lang='lat' dir='ltr'>hisce</span> <span class='ocrx_word' id='word_1_177' title='bbox 1377 2440 1797 2494; x_wconf 84' lang='lat' dir='ltr'>delinitionibus</span> <span class='ocrx_word' id='word_1_178' title='bbox 1824 2455 1947 2492; x_wconf 89' lang='lat' dir='ltr'>ere-</span> 
     </span>
     <span class='ocr_line' id='line_1_25' title="bbox 77 2532 1950 2607; baseline 0.001 -21"><span class='ocrx_word' id='word_1_179' title='bbox 77 2532 205 2588; x_wconf 85' lang='lat' dir='ltr'>dere</span> <span class='ocrx_word' id='word_1_180' title='bbox 228 2552 322 2589; x_wconf 90' lang='lat' dir='ltr'>seu</span> <span class='ocrx_word' id='word_1_181' title='bbox 351 2535 561 2592; x_wconf 86' lang='lat' dir='ltr'>interne</span> <span class='ocrx_word' id='word_1_182' title='bbox 599 2537 878 2592; x_wconf 80' lang='lat' dir='ltr'>adhaerere</span> <span class='ocrx_word' id='word_1_183' title='bbox 914 2542 1213 2607; x_wconf 86' lang='lat' dir='ltr'>antequam</span> <span class='ocrx_word' id='word_1_184' title='bbox 1241 2535 1492 2590; x_wconf 75' lang='lat' dir='ltr'>Ecclesiae</span> <span class='ocrx_word' id='word_1_185' title='bbox 1528 2552 1835 2589; x_wconf 81' lang='lat' dir='ltr'>consensus</span> <span class='ocrx_word' id='word_1_186' title='bbox 1864 2551 1950 2588; x_wconf 87' lang='lat' dir='ltr'>ac-</span> 
     </span>
     <span class='ocr_line' id='line_1_26' title="bbox 75 2631 1948 2704; baseline 0.001 -21"><span class='ocrx_word' id='word_1_187' title='bbox 75 2632 317 2686; x_wconf 82' lang='lat' dir='ltr'>cesserit.</span> <span class='ocrx_word' id='word_1_188' title='bbox 351 2631 501 2695; x_wconf 86' lang='lat' dir='ltr'>Quod</span> <span class='ocrx_word' id='word_1_189' title='bbox 525 2635 673 2688; x_wconf 91' lang='lat' dir='ltr'>enim</span> <span class='ocrx_word' id='word_1_190' title='bbox 711 2634 848 2688; x_wconf 91' lang='lat' dir='ltr'>Deus</span> <span class='ocrx_word' id='word_1_191' title='bbox 895 2633 1165 2704; x_wconf 80' lang='lat' dir='ltr'>obligatos</span> <span class='ocrx_word' id='word_1_192' title='bbox 1188 2632 1315 2686; x_wconf 77' lang='lat' dir='ltr'>velit</span> <span class='ocrx_word' id='word_1_193' title='bbox 1349 2631 1604 2685; x_wconf 83' lang='lat' dir='ltr'>homines</span> <span class='ocrx_word' id='word_1_194' title='bbox 1629 2632 1696 2684; x_wconf 88' lang='lat' dir='ltr'>ad</span> <span class='ocrx_word' id='word_1_195' title='bbox 1727 2632 1948 2685; x_wconf 76' lang='lat' dir='ltr'>creden—</span> 
     </span>
     <span class='ocr_line' id='line_1_27' title="bbox 77 2727 1947 2801; baseline -0.001 -22"><span class='ocrx_word' id='word_1_196' title='bbox 77 2727 195 2781; x_wconf 81' lang='lat' dir='ltr'>dum</span> <span class='ocrx_word' id='word_1_197' title='bbox 241 2729 434 2798; x_wconf 77' lang='lat' dir='ltr'>errori,</span> <span class='ocrx_word' id='word_1_198' title='bbox 485 2731 755 2784; x_wconf 81' lang='lat' dir='ltr'>absonum</span> <span class='ocrx_word' id='word_1_199' title='bbox 788 2730 958 2785; x_wconf 90' lang='lat' dir='ltr'>simul</span> <span class='ocrx_word' id='word_1_200' title='bbox 1004 2736 1055 2783; x_wconf 87' lang='lat' dir='ltr'>et</span> <span class='ocrx_word' id='word_1_201' title='bbox 1107 2729 1497 2801; x_wconf 82' lang='lat' dir='ltr'>blasphemum</span> <span class='ocrx_word' id='word_1_202' title='bbox 1539 2734 1641 2783; x_wconf 87' lang='lat' dir='ltr'>est.</span> <span class='ocrx_word' id='word_1_203' title='bbox 1693 2727 1947 2782; x_wconf 82' lang='lat' dir='ltr'>Vicissim</span> 
     </span>
     <span class='ocr_line' id='line_1_28' title="bbox 73 2823 1943 2898; baseline 0.002 -23"><span class='ocrx_word' id='word_1_204' title='bbox 73 2827 280 2892; x_wconf 86' lang='lat' dir='ltr'>autem,</span> <span class='ocrx_word' id='word_1_205' title='bbox 307 2824 350 2878; x_wconf 89' lang='lat' dir='ltr'>si</span> <span class='ocrx_word' id='word_1_206' title='bbox 378 2825 790 2881; x_wconf 74' lang='lat' dir='ltr'>infallibilitatis</span> <span class='ocrx_word' id='word_1_207' title='bbox 824 2825 1181 2898; x_wconf 69' lang='lat' dir='ltr'>prterogativa</span> <span class='ocrx_word' id='word_1_208' title='bbox 1214 2824 1451 2879; x_wconf 88' lang='lat' dir='ltr'>donatus</span> <span class='ocrx_word' id='word_1_209' title='bbox 1484 2842 1513 2878; x_wconf 91' lang='lat' dir='ltr'>a</span> <span class='ocrx_word' id='word_1_210' title='bbox 1536 2823 1754 2878; x_wconf 87' lang='lat' dir='ltr'>Christo</span> <span class='ocrx_word' id='word_1_211' title='bbox 1780 2823 1943 2878; x_wconf 86' lang='lat' dir='ltr'>suerit</span> 
     </span>
     <span class='ocr_line' id='line_1_29' title="bbox 74 2916 1949 2999; baseline 0.001 -29"><span class='ocrx_word' id='word_1_212' title='bbox 74 2916 334 2985; x_wconf 80' lang='lat' dir='ltr'>Pontifex,</span> <span class='ocrx_word' id='word_1_213' title='bbox 371 2922 622 2991; x_wconf 89' lang='lat' dir='ltr'>sequitur</span> <span class='ocrx_word' id='word_1_214' title='bbox 663 2922 710 2975; x_wconf 93' lang='lat' dir='ltr'>ci</span> <span class='ocrx_word' id='word_1_215' title='bbox 744 2921 1049 2988; x_wconf 71' lang='lat' dir='ltr'>definienti,</span> <span class='ocrx_word' id='word_1_216' title='bbox 1090 2927 1142 2990; x_wconf 86' lang='lat' dir='ltr'>ct</span> <span class='ocrx_word' id='word_1_217' title='bbox 1174 2921 1291 2977; x_wconf 89' lang='lat' dir='ltr'>suis</span> <span class='ocrx_word' id='word_1_218' title='bbox 1319 2920 1739 2999; x_wconf 83' lang='lat' dir='ltr'>delinitionibus</span> <span class='ocrx_word' id='word_1_219' title='bbox 1767 2919 1949 2974; x_wconf 72' lang='lat' dir='ltr'>adlue-</span> 
     </span>
     <span class='ocr_line' id='line_1_30' title="bbox 72 3011 1944 3089; baseline -0.001 -24"><span class='ocrx_word' id='word_1_220' title='bbox 72 3011 283 3066; x_wconf 87' lang='lat' dir='ltr'>sionem</span> <span class='ocrx_word' id='word_1_221' title='bbox 306 3030 370 3066; x_wconf 89' lang='lat' dir='ltr'>ex</span> <span class='ocrx_word' id='word_1_222' title='bbox 398 3015 582 3068; x_wconf 88' lang='lat' dir='ltr'>animo</span> <span class='ocrx_word' id='word_1_223' title='bbox 605 3016 942 3089; x_wconf 80' lang='lat' dir='ltr'>praecipienti</span> <span class='ocrx_word' id='word_1_224' title='bbox 966 3035 1088 3072; x_wconf 91' lang='lat' dir='ltr'>esse</span> <span class='ocrx_word' id='word_1_225' title='bbox 1118 3019 1187 3071; x_wconf 85' lang='lat' dir='ltr'>ab</span> <span class='ocrx_word' id='word_1_226' title='bbox 1211 3018 1476 3072; x_wconf 79' lang='lat' dir='ltr'>omnibus</span> <span class='ocrx_word' id='word_1_227' title='bbox 1498 3015 1944 3086; x_wconf 84' lang='lat' dir='ltr'>obsequendum,</span> 
     </span>
     <span class='ocr_line' id='line_1_31' title="bbox 73 3105 1945 3186; baseline 0.001 -29"><span class='ocrx_word' id='word_1_228' title='bbox 73 3105 241 3158; x_wconf 87' lang='lat' dir='ltr'>etiam</span> <span class='ocrx_word' id='word_1_229' title='bbox 278 3112 402 3159; x_wconf 86' lang='lat' dir='ltr'>ante</span> <span class='ocrx_word' id='word_1_230' title='bbox 427 3126 644 3162; x_wconf 90' lang='lat' dir='ltr'>omnem</span> <span class='ocrx_word' id='word_1_231' title='bbox 678 3113 1155 3181; x_wconf 75' lang='lat' dir='ltr'>supervenientem</span> <span class='ocrx_word' id='word_1_232' title='bbox 1200 3113 1459 3166; x_wconf 66' lang='lat' dir='ltr'>Ecclesiae</span> <span class='ocrx_word' id='word_1_233' title='bbox 1503 3128 1815 3186; x_wconf 70' lang='lat' dir='ltr'>assensum.</span> <span class='ocrx_word' id='word_1_234' title='bbox 1847 3108 1945 3177; x_wconf 87' lang='lat' dir='ltr'>lgi-</span> 
     </span>
     <span class='ocr_line' id='line_1_32' title="bbox 77 3200 1943 3276; baseline 0.002 -24"><span class='ocrx_word' id='word_1_235' title='bbox 77 3206 169 3253; x_wconf 90' lang='lat' dir='ltr'>tur</span> <span class='ocrx_word' id='word_1_236' title='bbox 198 3200 427 3270; x_wconf 61' lang='lat' dir='ltr'>quaestio</span> <span class='ocrx_word' id='word_1_237' title='bbox 456 3201 567 3265; x_wconf 57' lang='lat' dir='ltr'>haec</span> <span class='ocrx_word' id='word_1_238' title='bbox 604 3220 715 3255; x_wconf 92' lang='lat' dir='ltr'>non</span> <span class='ocrx_word' id='word_1_239' title='bbox 747 3221 895 3257; x_wconf 88' lang='lat' dir='ltr'>mere</span> <span class='ocrx_word' id='word_1_240' title='bbox 922 3209 1271 3276; x_wconf 42' lang='lat' dir='ltr'>speculativi&amp;</span> <span class='ocrx_word' id='word_1_241' title='bbox 1306 3206 1399 3259; x_wconf 85' lang='lat' dir='ltr'>sed</span> <span class='ocrx_word' id='word_1_242' title='bbox 1431 3221 1649 3258; x_wconf 76' lang='lat' dir='ltr'>summe</span> <span class='ocrx_word' id='word_1_243' title='bbox 1675 3204 1943 3272; x_wconf 75' lang='lat' dir='ltr'>practicis,</span> 
     </span>
     <span class='ocr_line' id='line_1_33' title="bbox 76 3296 1946 3369; baseline 0.002 -21"><span class='ocrx_word' id='word_1_244' title='bbox 76 3296 418 3350; x_wconf 75' lang='lat' dir='ltr'>adcensenda</span> <span class='ocrx_word' id='word_1_245' title='bbox 446 3302 546 3349; x_wconf 86' lang='lat' dir='ltr'>est.</span> <span class='ocrx_word' id='word_1_246' title='bbox 576 3296 771 3358; x_wconf 84' lang='lat' dir='ltr'>Quanti</span> <span class='ocrx_word' id='word_1_247' title='bbox 802 3305 987 3352; x_wconf 82' lang='lat' dir='ltr'>autem</span> <span class='ocrx_word' id='word_1_248' title='bbox 1023 3300 1290 3353; x_wconf 86' lang='lat' dir='ltr'>momenti</span> <span class='ocrx_word' id='word_1_249' title='bbox 1321 3299 1413 3366; x_wconf 88' lang='lat' dir='ltr'>sit,</span> <span class='ocrx_word' id='word_1_250' title='bbox 1446 3303 1588 3369; x_wconf 82' lang='lat' dir='ltr'>patet</span> <span class='ocrx_word' id='word_1_251' title='bbox 1627 3317 1685 3350; x_wconf 87' lang='lat' dir='ltr'>ex</span> <span class='ocrx_word' id='word_1_252' title='bbox 1718 3298 1946 3369; x_wconf 80' lang='lat' dir='ltr'>eoquod</span> 
     </span>
     <span class='ocr_line' id='line_1_34' title="bbox 78 3392 1943 3466; baseline 0.003 -21"><span class='ocrx_word' id='word_1_253' title='bbox 78 3401 272 3464; x_wconf 79' lang='lat' dir='ltr'>agatur</span> <span class='ocrx_word' id='word_1_254' title='bbox 299 3394 363 3446; x_wconf 89' lang='lat' dir='ltr'>de</span> <span class='ocrx_word' id='word_1_255' title='bbox 392 3410 650 3466; x_wconf 78' lang='lat' dir='ltr'>suprema</span> <span class='ocrx_word' id='word_1_256' title='bbox 680 3392 842 3446; x_wconf 81' lang='lat' dir='ltr'>tidem</span> <span class='ocrx_word' id='word_1_257' title='bbox 865 3394 1154 3463; x_wconf 84' lang='lat' dir='ltr'>regulandi</span> <span class='ocrx_word' id='word_1_258' title='bbox 1177 3399 1227 3447; x_wconf 87' lang='lat' dir='ltr'>et</span> <span class='ocrx_word' id='word_1_259' title='bbox 1262 3394 1570 3466; x_wconf 82' lang='lat' dir='ltr'>imperandi</span> <span class='ocrx_word' id='word_1_260' title='bbox 1598 3395 1943 3451; x_wconf 72' lang='lat' dir='ltr'>auctoritate.</span> 
     </span>
    </p>

    <p class='ocr_par' dir='ltr' id='par_1_5' title="bbox 81 3489 1947 3659">
     <span class='ocr_line' id='line_1_35' title="bbox 154 3489 1947 3560; baseline 0.001 -16"><span class='ocrx_word' id='word_1_261' title='bbox 154 3489 689 3560; x_wconf 60' lang='lat' dir='ltr'>objicie.s·.-1&#39;anam</span> <span class='ocrx_word' id='word_1_262' title='bbox 719 3498 770 3544; x_wconf 88' lang='lat' dir='ltr'>et</span> <span class='ocrx_word' id='word_1_263' title='bbox 790 3507 907 3543; x_wconf 78' lang='lat' dir='ltr'>eain</span> <span class='ocrx_word' id='word_1_264' title='bbox 928 3489 1294 3560; x_wconf 74' lang='lat' dir='ltr'>speculativam</span> <span class='ocrx_word' id='word_1_265' title='bbox 1323 3490 1455 3544; x_wconf 80' lang='lat' dir='ltr'>dixit</span> <span class='ocrx_word' id='word_1_266' title='bbox 1481 3490 1818 3559; x_wconf 71' lang='lat' dir='ltr'>llossuetiuS,</span> <span class='ocrx_word' id='word_1_267' title='bbox 1837 3510 1947 3547; x_wconf 90' lang='lat' dir='ltr'>non</span> 
     </span>
     <span class='ocr_line' id='line_1_36' title="bbox 81 3584 1944 3659; baseline 0.002 -20"><span class='ocrx_word' id='word_1_268' title='bbox 81 3585 349 3655; x_wconf 74' lang='lat' dir='ltr'>absolute,</span> <span class='ocrx_word' id='word_1_269' title='bbox 387 3587 479 3641; x_wconf 83' lang='lat' dir='ltr'>sed</span> <span class='ocrx_word' id='word_1_270' title='bbox 511 3591 912 3657; x_wconf 86' lang='lat' dir='ltr'>consequenter</span> <span class='ocrx_word' id='word_1_271' title='bbox 947 3584 1012 3637; x_wconf 82' lang='lat' dir='ltr'>ad</span> <span class='ocrx_word' id='word_1_272' title='bbox 1047 3585 1215 3638; x_wconf 83' lang='lat' dir='ltr'>semel</span> <span class='ocrx_word' id='word_1_273' title='bbox 1253 3584 1491 3658; x_wconf 78' lang='lat' dir='ltr'>positum</span> <span class='ocrx_word' id='word_1_274' title='bbox 1520 3587 1717 3658; x_wconf 80' lang='lat' dir='ltr'>dogma</span> <span class='ocrx_word' id='word_1_275' title='bbox 1748 3588 1813 3642; x_wconf 91' lang='lat' dir='ltr'>dc</span> <span class='ocrx_word' id='word_1_276' title='bbox 1834 3606 1944 3659; x_wconf 88' lang='lat' dir='ltr'>quo</span> 
     </span>
    </p>
   </div>
  </div>
 </body>
</html>
