2320 4010
287 221 375 268 978
961 217 1257 265 TRACTATUS
1289 219 1362 267 ΒΕ
1386 221 1533 269 ΡΑΡΑ.

289 326 412 398 siis,
464 323 653 394 1671).
698 322 797 378 Ubi
836 322 990 380 vides
1023 325 1349 400 promiscue
1383 327 1518 402 poni
1555 328 1746 385 sedem
1793 335 1846 386 et
1893 331 2204 391 sedentem.

363 422 582 478 SANCTUS
633 420 824 477 Parnes
866 421 1113 479 DAinANus
1160 425 1229 480 ad
1270 425 1651 482 Alexandrum
1695 427 1740 482 ΙΙ
1787 427 2056 504 scripsit:
2107 430 2211 490 Vos
2307 415 2320 450 ⁷⁴

285 518 594 593 Apostolica
642 518 830 599 Sedes,
889 538 981 576 vos
1034 521 1275 578 Romana
1322 525 1449 580 estis
1493 524 1738 580 Ecclesia
1790 526 2084 600 (opusculo
2122 547 2208 601 xx,
2279 504 2314 535 ²⁹

284 633 409 691 cap.
439 616 502 691 1).
535 616 653 680 Quo
680 635 818 674 sane
844 617 1164 692 significare
1185 619 1364 676 voluit
1399 639 1459 678 se
1485 640 1788 695 agnoscere
1814 623 1874 678 in
1898 624 2212 683 Alexandro
2286 666 2290 667 ff

282 715 427 790 Papa
466 722 804 792 potestatem
840 736 1068 775 omnem
1106 720 1411 794 omniaque
1445 723 1575 795 jura
1619 740 1746 795 quae
1785 722 1913 779 Sedi
1951 723 2214 782 Romanae
2287 734 2290 735 ’

284 821 637 891 competunt3
688 836 752 873 ac
793 818 1033 892 proinde
1056 818 1152 892 jus
1193 819 1365 876 etiam
1401 819 1566 876 fidem
1608 820 1914 878 definiendi
1946 841 2213 899 supremo

276 914 495 989 judicio
532 915 624 971 cui
667 933 865 972 omnes
907 935 1031 974 sese
1065 918 1344 991 subjicere
1377 918 1636 976 debeant.

361 1013 424 1069 ln
468 1032 636 1089 opere
677 1014 1096 1072 Gubernaculum
1148 1018 1491 1073 conciliorum
1530 1018 1825 1093 inscriptO,
1864 1025 1918 1075 et
1962 1025 2217 1096 tempore
2273 1043 2275 1046 ’

288 1112 626 1181 Basileensis
676 1114 905 1170 concilii
947 1116 1283 1172 elucubrate
1326 1117 1395 1172 ab
1431 1116 1651 1172 Andrea
1693 1117 2008 1191 Magarensi
2057 1120 2214 1196 Epis-

289 1229 453 1285 cop0,
484 1212 565 1268 sic
605 1213 845 1268 habetur
882 1213 1026 1288 (cap.
1061 1215 1113 1286 n)
1146 1235 1158 1268 ε
1193 1214 1313 1287 Ipse
1342 1215 1493 1287 Papa
1529 1216 1663 1270 solet
1691 1215 1931 1273 Romana
1972 1218 2215 1275 Ecclesia

286 1312 485 1366 vocari.
550 1309 708 1374 Quod
753 1312 956 1384 procul
995 1311 1166 1367 dubio
1217 1311 1640 1383 intelligebatur
1697 1329 1813 1366 non
1867 1313 1926 1366 in
1964 1316 2216 1386 quolibet

288 1423 485 1475 sensu,
528 1405 624 1461 sed
674 1406 903 1478 quando
946 1406 1134 1480 agitur
1173 1406 1242 1462 de
1284 1406 1553 1462 Romanae
1590 1406 1849 1463 Ecclesiae
1888 1407 2114 1481 juribus
2151 1433 2214 1471 ac

289 1508 588 1579 potestate.

367 1601 624 1658 OElredus
661 1602 832 1658 abbas
859 1602 1252 1659 Rievalliensis
1278 1601 1335 1656 in
1358 1601 1577 1675 Anglia,
1605 1601 1940 1659 duodecimo
1965 1605 2164 1662 saeculo
2196 1629 2209 1662 :

293 1700 519 1764 «Quam
554 1701 721 1756 multi
756 1701 991 1757 hodie...
1029 1700 1238 1774 egressi
1278 1707 1411 1756 sunt
1453 1701 1522 1755 de
1552 1700 1822 1773 Ecclesia,
1860 1707 1914 1758 et
1954 1720 2217 1777 separan-

287 1805 372 1854 tes
398 1816 457 1853 se
488 1816 518 1852 a
545 1801 744 1853 vicario
771 1798 999 1870 Christi,
1031 1804 1354 1871 sequuntur
1381 1799 1797 1873 praeambulum
1822 1800 2215 1858 antichristi...
2262 1851 2274 1864 „

288 1895 413 1951 Haec
446 1901 528 1951 est
555 1896 798 1951 Ecclesia
825 1896 1101 1967 Romana,
1135 1897 1227 1953 cui
1263 1896 1361 1970 qui
1401 1915 1516 1952 non
1557 1898 1962 1969 communicat,
1994 1864 2279 1981 haereti-Q
2312 1879 2320 1960 i

291 2012 394 2050 cus
425 2000 508 2050 est
530 2016 557 2048 »
592 1994 941 2068 (Bibliotheca
970 1997 1203 2051 maoeima
1228 2002 1462 2051 veterum
1491 1995 1736 2060 Patruin,
1777 2000 1819 2050 t.
1850 1995 2026 2066 XXIII,
2058 2017 2112 2072 p.
2146 1998 2216 2054 57
2260 1983 2262 1985 .

290 2099 344 2149 et
378 2094 473 2166 58,
520 2094 655 2149 edit.
699 2095 977 2168 Lugduni,
1015 2095 1210 2167 1677).
1245 2093 1450 2149 Eodem
1479 2092 1645 2148 modo
1670 2093 1857 2167 perire
1884 2102 2073 2152 censet
2118 2097 2218 2170 qui

287 2201 553 2268 separant
583 2213 642 2250 se
678 2213 707 2249 a
745 2194 953 2250 vicario
981 2193 1213 2265 Christi,
1250 2192 1306 2247 id
1340 2198 1424 2248 est
1462 2209 1492 2248 a
1532 2192 1771 2265 sedente,
1812 2210 1874 2248 ac
1911 2193 2010 2266 qui
2056 2213 2215 2269 sepa-

288 2299 418 2349 rant
445 2311 502 2349 se
529 2295 596 2350 ab
629 2293 877 2350 Ecclesia
916 2294 1190 2362 Romana,
1227 2292 1284 2347 id
1316 2298 1397 2348 est
1440 2311 1469 2348 a
1497 2293 1641 2348 sede.

365 2393 588 2448 SANCTUS
626 2393 918 2449 Benmnncs
951 2394 1140 2468 (cujus
1180 2391 1574 2448 testimonium
1613 2391 1799 2447 fusius
1846 2391 2219 2467 expendimus

284 2490 453 2561 infra,
483 2493 508 2564 ξ
540 2492 620 2565 6),
667 2491 1060 2548 Innocentium
1096 2491 1139 2546 II
1168 2491 1496 2563 alloquens:
1541 2488 1819 2564 «Oportet
1859 2490 1926 2544 ad
1965 2495 2216 2546 vestrum

280 2589 491 2646 ¹referri
520 2592 901 2666 apostolatum
928 2590 1179 2666 pericula
1216 2607 1454 2663 quaeque
1489 2606 1552 2644 ac
1579 2587 1842 2644 scandala
1880 2588 2223 2662 emergentia

289 2687 349 2740 in
381 2688 547 2744 domo
584 2690 696 2757 Dei,
740 2707 802 2745 ea
835 2689 1153 2765 praesertim
1182 2706 1308 2762 quae
1350 2687 1419 2743 de
1458 2687 1568 2743 fide
1594 2687 1954 2759 contingunt.
1983 2688 2221 2760 Dignum

289 2802 539 2857 namque
583 2787 831 2843 arbitror
881 2788 959 2843 ibi
999 2787 1364 2862 potissimum
1407 2786 1674 2842 resarciri
1714 2785 1921 2842 damna
1957 2786 2087 2842 fidei
2125 2785 2224 2846 ubi
2283 2794 2290 2803 ⁴

290 2901 403 2938 non
453 2885 634 2958 possit
667 2885 803 2940 fides
834 2886 1045 2941 sentire
1068 2886 1375 2941 defectum.
1419 2886 1544 2939 Haec
1579 2885 1790 2958 quippe
1820 2887 1991 2959 hujus
2015 2903 2227 2959 praere·
2301 2891 2303 2894 ⁴

288 2981 473 3053 gativa
515 2981 688 3038 sediS.
727 2982 825 3037 Cui
868 2983 1021 3038 enim
1051 2982 1213 3038 alteri
1244 2982 1553 3054 aliquando
1586 2981 1801 3037 dictum
1830 2987 1913 3038 est
1944 3003 1954 3035 :
1998 2982 2106 3055 Ego
2137 3001 2226 3039 ro-

284 3080 410 3153 gavi
443 3099 544 3155 pro
576 3087 653 3153 te,
694 3082 876 3152 Petre,
916 3086 979 3137 ut
1019 3099 1134 3137 non
1184 3080 1404 3137 deficiat
1438 3079 1576 3136 fides
1619 3086 1740 3136 tua.
1785 3081 1924 3154 Ergo
1961 3081 2111 3155 quod
2139 3099 2224 3138 se·
2294 3074 2300 3142 ἲ

287 3180 488 3253 quitur
515 3200 545 3236 a
572 3180 718 3238 Petri
739 3199 1066 3238 successore
1098 3180 1377 3254 exigitur:
1411 3185 1463 3236 et
1491 3185 1554 3236 tu
1589 3179 1892 3254 aliquando
1923 3198 2226 3238 conversus
2262 3260 2264 3262 v
2290 3143 2298 3248 i

286 3281 561 3338 confirma
603 3281 807 3338 fratres
847 3287 1001 3338 tuos.
1047 3281 1108 3336 Id
1159 3281 1391 3355 quidem
1439 3280 1607 3337 modo
1651 3283 2110 3337 necessarium.»
2159 3283 2222 3338 Et
2288 3254 2304 3368 Γ

285 3380 391 3435 sub
427 3379 599 3436 finem
637 3380 890 3456 epistolae
922 3380 999 3437 ita
1033 3380 1323 3436 concludit
1367 3380 1434 3437 de
1477 3380 1777 3455 ipsiusmet
1818 3379 2131 3436 Innocentii
2179 3380 2224 3435 II
2289 3370 2294 3411 ἵ

285 3496 525 3552 persona
554 3500 565 3532 :
606 3501 634 3532 «
664 3479 834 3553 Cujus
863 3497 1022 3535 arma
1050 3479 1303 3554 potentia
1331 3498 1361 3535 a
1392 3480 1500 3535 Deo
1525 3479 1592 3534 ad
1620 3479 2064 3535 destructionem
2092 3498 2221 3535 con-

285 3578 593 3634 trariarum
627 3581 1035 3650 assertionum,
1071 3579 1141 3635 ad
1166 3578 1570 3636 destruendam
1598 3597 1826 3635 omnem
1858 3578 2215 3634 altitudinem
2292 3615 2320 3625 „

288 3677 647 3735 extollentem
688 3696 747 3735 se
787 3678 1058 3735 adversus
1097 3678 1394 3734 scientiam
1447 3677 1565 3748 Dei,
1609 3683 1664 3733 et
1730 3677 1787 3733 in
1833 3676 2213 3752 captivitatem
