2320 4010
879 165 1009 219 PARS
1037 165 1206 219 PRIMA.
1899 161 1990 214 163

114 279 197 335 ter
226 293 393 353 opera
423 276 846 335 restaurationis
886 278 1086 335 mundi
1127 296 1158 334 a
1187 275 1403 333 Christo
1436 271 1778 342 institutum,
1823 277 1992 344 teque

113 392 238 432 vera
272 373 631 448 legitimaque
669 376 1020 433 successione
1054 375 1217 432 illum
1258 373 1562 450 possidere,
1590 371 1772 450 palam
1803 385 1992 442 recog-

119 472 400 529 noscimus
443 481 497 530 et
530 474 864 531 confitemur
897 496 925 528 »
983 473 1238 547 (citatum
1280 473 1340 529 in
1375 471 1656 546 Theoloyia
1705 467 1998 528 Wiroebur-

118 573 278 647 qen-si,
310 576 351 628 t.
390 570 431 640 1,
461 590 516 645 p.
548 571 682 642 572,
709 571 844 630 edit.
874 571 1127 646 ,ParisiiS,
1161 571 1353 643 1852).

1955 885 1979 899 I

880 898 1126 962 CAPUT
1171 897 1253 960 IV

120 1088 550 1129 ARGUMER’TUM
570 1087 654 1123 Ex
674 1084 1070 1121 ΒΟΜΑΝΦΒΙΙΜ
1094 1080 1478 1117 PoNnmeu
1498 1077 2012 1119 DEI-*lmlrlonums

631 1158 670 1193 A
688 1156 845 1191 TOTA
867 1153 1161 1190 Eccusssu
1186 1151 1503 1187 RECEP'HS

204 1345 325 1403 Ideo
362 1344 619 1420 ponimus
671 1340 834 1396 verba
890 1341 1024 1407 haec,
1078 1358 1111 1395 a
1143 1347 1252 1395 tota
1302 1337 1540 1395 Ecclesia
1592 1339 1832 1410 receptiS,
1881 1337 2011 1411 quia

142 1442 383 1498 nondum
411 1437 767 1515 probavimus
795 1435 1027 1491 Romani
1056 1435 1334 1491 Pontificis
1372 1435 1430 1489 in
1455 1433 1770 1490 definienda
1802 1432 1910 1489 fide
1930 1434 2015 1490 in-

145 1539 551 1604 fallibilitatem,
598 1553 718 1608 quae
758 1533 988 1589 maximi
1036 1533 1303 1589 momenti
1337 1533 1569 1606 quaestio
1596 1539 1753 1607 parte
1795 1535 2020 1591 secunda

146 1637 369 1710 hujusce
403 1640 666 1691 tractatus
715 1629 1066 1704 expenditur.
1112 1631 1379 1686 Caeterum
1425 1630 1653 1686 inutiles
1693 1636 1823 1686 sunt
1864 1649 2019 1688 voces

145 1733 282 1804 istae,
308 1753 434 1790 cum
463 1729 689 1788 Romani
724 1728 1000 1784 Pontificis
1031 1728 1380 1784 definitiones
1406 1728 1552 1784 circa
1586 1729 1754 1784 fidem
1783 1729 2021 1787 debeant

142 1828 310 1903 recipi
336 1831 402 1883 ab
443 1825 737 1883 universali
783 1824 1022 1881 Ecclesia
1070 1825 1363 1894 catholica,
1410 1843 1512 1900 nec
1543 1824 1759 1899 possint
1793 1828 1861 1882 ab
1901 1828 2021 1902 ipsa

139 1943 246 1982 non
274 1925 463 2000 recipi,
494 1930 555 1981 ut
585 1943 649 1981 ex
667 1925 813 1981 dicta
838 1925 1083 1981 secunda
1111 1930 1382 1980 tractatus
1410 1930 1567 1998 parte
1592 1924 1755 1998 plene
1784 1926 2017 2000 patebit.

138 2025 361 2080 Prolatae
382 2030 564 2081 autem
591 2031 722 2080 sunt
757 2044 786 2080 a
812 2024 1070 2081 Romanis
1102 2023 1484 2093 Pontificibus,
1511 2029 1562 2080 et
1585 2042 1613 2079 a
1638 2030 1750 2080 tota
1777 2024 2020 2084 Ecclesia

140 2124 406 2180 catholica
436 2123 786 2198 recipiuntur
816 2131 1108 2197 sequentes
1144 2123 1493 2180 definitiones
1527 2145 1537 2178 :

222 2223 388 2279 1⁰Leo
417 2223 457 2277 X
485 2222 761 2279 damnavit
791 2223 954 2279 istam
988 2222 1210 2279 Lutheri
1250 2222 1687 2297 propositionem
1711 2224 2016 2282 :Romanus

146 2317 416 2390 Pontifex,
444 2319 587 2374 Petri
620 2337 902 2389 successor,
935 2338 1039 2376 non
1066 2330 1141 2376 est
1169 2320 1366 2377 Christi
1406 2322 1635 2376 vicarius
1660 2339 1816 2394 super
1846 2303 2042 2378 omnes

154 2417 305 2471 totius
350 2417 526 2470 mundi
556 2416 807 2472 Ecclesias
840 2419 899 2472 ab
930 2420 1038 2490 ipso
1069 2418 1273 2474 Christo
1302 2421 1354 2473 in
1382 2420 1531 2474 beato
1559 2419 1717 2476 Petro
1756 2422 2023 2476 institutus

156 2508 475 2585 (propositio
508 2510 598 2565 25²¹
624 2510 767 2566 inter
801 2511 1132 2584 damnatas).
1157 2513 1329 2585 Igitur
1353 2513 1580 2569 definita
1611 2520 1861 2570 remanet
1892 2532 2024 2571 con-

154 2606 492 2678 tradictoria,
524 2607 577 2662 id
598 2614 698 2677 est,
737 2608 1028 2664 Romanum
1063 2609 1366 2681 Pontificem
1393 2627 1505 2664 esse
1539 2609 1737 2666 Christi
1778 2612 2026 2667 vicarium

149 2704 204 2759 in
230 2721 402 2759 omnes
430 2705 582 2758 totius
611 2704 790 2758 mundi
810 2702 1088 2774 Ecclesias‘,
1113 2705 1174 2759 ab
1209 2705 1325 2777 ipso
1351 2704 1587 2773 ChriSm,
1608 2706 1663 2760 in
1685 2705 1835 2761 beato
1861 2706 2022 2762 Petro

155 2800 460 2856 institutum.
496 2799 649 2856 llaud
680 2817 812 2855 sane
854 2799 1034 2873 potuit
1064 2800 1269 2856 clarius
1306 2800 1525 2857 definiri
1554 2802 1828 2876 primatus
1852 2802 2026 2878 juris-

160 2893 468 2951 dictionalis
503 2895 733 2951 Romani
763 2894 1036 2952 Pontifieis
1059 2895 1115 2951 in
1143 2896 1454 2955 universam
1474 2898 1798 2957 Ecclesiam.

176 3001 188 3009 “
236 2993 291 3046 2⁰
326 2994 452 3050 Pius
488 2995 626 3069 Papa
668 2995 750 3064 VI,
783 2994 838 3048 in
884 2995 1031 3051 bulla
1075 2996 1348 3054 Auctorem
1378 3000 1519 3071 fidei,
1572 2999 1793 3056 tertiam
1834 3000 2028 3074 synodi

163 3088 506 3147 Pistoriensis
530 3092 958 3167 propositionem
989 3095 1232 3167 confixit,
1269 3096 1325 3152 in
1370 3098 1519 3155 hunc
1561 3099 1791 3155 modum
1817 3120 1827 3152 :
1855 3120 1882 3151 «
1907 3099 2033 3154 Pro-

167 3186 363 3260 positio
392 3206 511 3261 quae
551 3190 742 3245 statuit
783 3190 1069 3248 Romanum
1110 3194 1412 3267 Pontificem
1453 3215 1563 3252 esse
1605 3205 1756 3268 caput
1798 3197 2031 3251 ministe-

166 3283 314 3353 riale,
349 3285 428 3340 sic
460 3286 749 3360 explicata,
794 3295 850 3344 ut
890 3289 1166 3347 Romanus
1216 3293 1462 3349 Pontifex
1503 3311 1614 3348 non
1639 3311 1670 3348 a
1697 3292 1934 3364 Christo,
1977 3293 2035 3350 in

163 3398 398 3454 persona
450 3383 592 3438 beati
634 3384 796 3454 Petri,
841 3386 934 3442 sed
981 3389 1048 3443 ab
1082 3388 1321 3445 Ecclesia
1359 3396 1686 3463 potestatem
1740 3389 2035 3448 ministerii

166 3478 416 3551 accipiat,
444 3499 551 3552 qua
596 3482 741 3537 velut
787 3483 931 3539 Petri
963 3503 1269 3555 successor,
1296 3504 1459 3543 verus
1489 3486 1688 3544 Christi
1715 3486 1952 3551 vicarius
1972 3508 2034 3547 ac

166 3575 333 3632 totius
370 3575 620 3633 Ecclesiae
642 3586 806 3652 caput
833 3581 1001 3654 pollet
1029 3582 1084 3637 in
1119 3582 1376 3638 universa
1406 3582 1646 3641 Ecclesia
1673 3608 1682 3640 :
1717 3586 1982 3645 haeretica
2004 3609 2031 3641 »
