2372 4108
908 279 1033 326 PARS
1062 278 1231 326 PRIMA.
1925 272 2009 320 101

135 386 316 462 (ibid.,
342 385 449 443 col.
477 386 632 458 627).
670 384 721 442 ls
747 401 882 442 sane
913 383 1020 440 sibi
1039 381 1450 456 jurisdictionis
1474 381 1779 458 primatum
1803 378 2012 462 adscri-

38 524 46 531 -
131 486 232 556 bit,
273 485 369 558 qui
405 485 637 557 reyulam
676 482 744 540 ab
781 481 1044 539 omnibus
1083 482 1437 537 sacerdotibus
1470 481 1548 555 (id
1585 485 1667 537 est
1703 477 2011 555 Episcopis)

130 582 427 639 tenendam
450 582 714 656 injungit,
739 586 792 637 et
814 578 966 635 addit
983 595 1097 633 non
1119 595 1281 653 posse
1302 596 1643 652 quemquam
1667 577 1834 633 hocce
1858 594 2015 632 man-

133 681 324 738 datum
367 679 700 753 transgredi,
735 677 871 751 quin
912 678 1013 732 hoc
1047 676 1168 751 ipso
1211 694 1331 733 sese
1366 677 1434 732 ab
1475 676 1717 733 Ecclesia
1746 674 2017 732 catholica

132 780 370 835 divellat.
415 779 550 834 Item
584 777 890 851 primatum
926 774 1147 843 asserit,
1184 775 1320 830 dum
1353 774 1488 830 dicit
1520 774 1896 830 universalem
1922 773 2019 832 Ee-

132 878 356 935 clesiam
395 895 424 932 a
464 875 675 931 Christo
712 879 1091 930 constructam
1132 872 1306 930 fuisse
1342 890 1505 945 super
1544 871 1883 944 apostolicam
1921 872 2020 926 Pe-

135 986 291 1042 tram‚·
333 994 463 1031 nam
499 993 563 1031 ex
588 979 848 1030 contextu
883 979 1032 1048 patet
1063 971 1138 1028 ibi
1170 989 1266 1046 per
1294 969 1657 1045 apostolicam
1681 969 1900 1024 Petram
1933 967 2019 1022 in-

133 1074 304 1148 telligi
353 1073 544 1130 Sedem
593 1073 919 1140 Romanam,
976 1089 1074 1127 seu
1124 1069 1362 1126 Romani
1412 1067 1687 1144 Episcopi,
1741 1072 2020 1141 quatenus

134 1172 468 1229 successoris
507 1170 671 1238 Petri,
715 1175 1069 1245 potestatem.

211 1272 454 1343 Loquens
482 1275 706 1325 sanctus
722 1267 951 1325 Siricius
979 1267 1047 1323 de
1069 1267 1252 1341 pravis
1279 1265 1608 1322 clericorum
1638 1264 1914 1333 moribus,
1940 1263 2020 1319 sic

138 1370 335 1425 habet:
380 1367 486 1422 «Si
518 1385 647 1439 ergo
683 1368 879 1422 beatus
916 1366 1179 1440 propheta
1215 1365 1283 1420 ad
1310 1364 1550 1437 lugenda
1585 1363 1774 1438 populi
1801 1367 2023 1437 peccata

139 1484 249 1520 nou
285 1466 389 1520 sibi
427 1467 502 1519 ait
540 1464 813 1536 lacrymas
848 1482 1008 1537 posse
1046 1463 1323 1532 sufficere,
1347 1468 1556 1534 quanto
1591 1479 1692 1517 nos
1721 1477 2025 1533 possumus

140 1561 324 1616 dolore
349 1560 595 1634 percelli,
625 1577 753 1615 cum
782 1577 972 1615 eorum
1014 1559 1108 1631 qui
1139 1559 1195 1613 in
1232 1566 1426 1614 nostro
1460 1565 1591 1613 sunt
1620 1575 1851 1632 corpore
1875 1575 2024 1612 com·

139 1657 399 1732 pellimur
455 1657 696 1713 facinora
753 1657 1072 1730 deplorare?
1127 1657 1405 1731 Praecipue
1452 1657 1655 1729 quibus
1710 1654 2023 1710 secundum

138 1754 358 1808 beatum
378 1753 699 1826 Apostolum
724 1753 984 1807 instantia
1004 1753 1326 1824 quotidiana
1350 1759 1401 1807 et
1430 1752 1744 1807 sollicitudo
1767 1751 2019 1806 omnium

136 1849 501 1904 Ecclesiarum
525 1847 842 1904 incumbit»
886 1848 1069 1921 (ibid.,
1100 1848 1204 1903 col.
1236 1847 1392 1920 650).
1422 1847 1534 1902 Sibi
1563 1847 1758 1903 tribuit
1785 1846 2021 1901 Siricius

135 1948 361 2000 omnium
379 1946 723 2001 Ecclesiarum
742 1945 1166 2016 sollicitudinem,
1187 1963 1310 2018 quae
1330 1945 1594 2019 supponit
1607 1943 2019 2018 jurisdictionis

137 2043 458 2119 primatum.

215 2162 242 2192 «
266 2142 393 2205 Quae
423 2140 606 2196 omnia
631 2141 701 2196 ita
737 2159 766 2195 a
791 2146 1102 2196 vestrarum
1143 2142 1435 2214 regionum
1471 2140 1859 2215 despiciuntur
1898 2141 2023 2216 Epi—

135 2236 332 2311 scopiS,
358 2237 517 2309 quasi
550 2237 607 2292 in
635 2237 978 2292 contrarium
1005 2237 1181 2310 magis
1204 2237 1411 2293 fuerint
1436 2237 1759 2293 constituta.
1795 2238 1859 2293 Et
1888 2238 2018 2311 quia

137 2352 247 2388 non
274 2340 354 2389 est
381 2333 544 2389 nobis
577 2334 642 2389 (16
670 2333 991 2406 hujusmodi
1025 2335 1488 2409 usurpationibus
1519 2335 2015 2408 negligendum...,

138 2430 271 2501 quid
291 2431 357 2484 ab
379 2430 653 2486 universis
676 2434 902 2505 posthac
927 2434 1182 2490 Ecclesiis
1206 2435 1550 2507 sequendum
1570 2435 1663 2505 sit,
1687 2435 1822 2508 quid
1840 2437 2017 2491 vitan-

141 2527 295 2596 dum,
328 2527 567 2600 generali
602 2532 1054 2602 pronuntiatione
1084 2534 1434 2589 decerminus
1462 2556 1488 2586 »
1519 2535 1705 2608 (ibid.,
1758 2535 1865 2589 col.
1909 2535 2015 2590 652

138 2632 188 2680 ct
219 2627 369 2695 655).
397 2626 509 2681 Nisi
541 2633 724 2683 certus
750 2627 944 2685 Siricio
982 2630 1176 2686 fuisset
1214 2632 1680 2705 jurisdictionalis
1713 2633 2013 2707 primamS,

135 2722 304 2777 immo
347 2724 455 2779 nisi
496 2731 678 2780 certus
709 2732 759 2781 et
797 2733 948 2783 extra
981 2729 1343 2800 quaestionem
1376 2731 1522 2805 apud
1561 2750 1755 2788 omnes
1784 2732 2015 2788 catholi-

134 2837 247 2890 cos,
287 2839 355 2875 an
396 2839 566 2877 ausus
600 2822 794 2880 fuisset
825 2827 1054 2897 yenerali
1085 2830 1514 2899 pronmztiatione
1538 2830 1835 2899 clecemere,
1878 2830 2014 2902 quid

130 2917 197 2972 ab
216 2920 463 2975 universis
491 2920 736 2976 Ecclesiis
762 2924 989 2996 posthac
1021 2924 1367 2996 sequendum
1388 2931 1530 2981 esset
1559 2932 1654 2982 aut
1683 2926 2012 2982 vitandum?

205 3012 290 3068 Sic
321 3015 606 3089 epistolam
631 3035 790 3073 suam
826 3018 892 3073 ad
913 3018 1218 3075 llimerium
1244 3022 1528 3078 concludit
1560 3022 1791 3079 Siricius
1819 3045 1828 3077 ε
1865 3046 1891 3076 «
1914 3024 2012 3078 Ex-

138 3108 452 3182 plicuimus,
470 3120 532 3169 ut
557 3115 816 3187 arbitror,
837 3117 1008 3172 frater
1032 3118 1339 3190 carissime,
1369 3121 1628 3178 universa
1655 3139 1777 3194 quae
1801 3121 2012 3192 digesta

137 3210 263 3260 sunt
291 3206 348 3260 in
375 3209 674 3279 querelam3
698 3218 750 3268 et
773 3213 839 3268 ad
861 3214 1107 3287 singulas
1124 3234 1345 3287 causas,
1368 3218 1435 3274 dc
1453 3219 1683 3290 quibuS,
1716 3235 1813 3291 per
1832 3216 2010 3270 tilium

137 3308 388 3358 nostrum
415 3302 735 3363 Bassianum
762 3312 1167 3386 presbyterum,
1192 3316 1260 3369 acl
1286 3315 1575 3370 Rommmm
1594 3314 1898 3380 Ecclesiam,
1927 3321 2011 3368 ut·

133 3408 251 3472 pote
280 3400 347 3454 ad
374 3408 526 3473 caput
554 3406 628 3458 tui
663 3409 914 3479 corporis,
946 3410 1191 3478 retulisti,
1225 3410 1558 3465 sufficientia
1588 3415 1864 3482 quantum
1881 3412 2010 3486 ,opi-

136 3515 236 3553 nor
268 3517 531 3574 responsa
557 3501 922 3562 reddidimus.
950 3507 1105 3562 Nunc
1140 3507 1503 3561 fraternitatis
1529 3511 1638 3562 tuae
1662 3507 1914 3564 animum
1941 3511 2007 3566 ad

134 3595 429 3652 servandos
454 3615 693 3654 canones
724 3606 776 3655 et
808 3601 1044 3657 tenenda
1071 3601 1364 3657 decretalia
1399 3604 1700 3660 constituta
1734 3606 1910 3679 magis
1945 3626 2007 3664 ac

134 3693 306 3766 magis
336 3694 658 3769 incitamuS,
689 3704 747 3754 ut
785 3700 898 3755 haec
923 3717 1046 3771 quae
1082 3700 1149 3755 ad
1183 3706 1276 3756 tua
1308 3702 1699 3778 rescripsimus
1724 3706 2004 3778 consulta,
