2372 4108
919 251 1047 296 PARS
1077 249 1249 295 PRIMA.
1980 251 2040 297 65

148 340 627 427 constitutionem,
654 362 707 414 et
740 374 933 413 omnes
959 355 1256 411 relationes
1282 354 1567 411 variorum
1588 352 1840 411 Ecclesiae
1860 372 2037 429 mem-

146 459 374 517 brorum
405 475 535 513 cum
562 456 832 531 Episcopo
860 454 1129 520 Romano,
1153 460 1205 508 et
1230 452 1335 527 ipsi
1353 452 1784 528 supposuissent
1812 459 1863 510 et
1895 471 2027 509 con-

145 556 438 611 cessissent
483 555 612 627 jura
651 569 775 626 quae
805 567 916 606 non
972 547 1273 621 accepisset
1318 567 1347 604 a
1393 550 1632 619 Christe,
1671 556 1722 606 et
1755 558 2030 607 creassent

145 669 284 707 nova
324 651 660 726 populorum
692 655 744 705 et
780 647 1184 721 Episcoporum
1228 663 1356 718 erga
1401 646 1590 720 ipsum
1642 647 1844 703 officia.
1895 649 2034 720 Ergo

143 767 255 805 non
306 748 483 821 magis
515 746 694 822 potuit
734 744 869 802 fides
920 744 1194 799 factorum
1252 743 1490 798 istorum
1538 744 1809 800 falsorum
1842 746 2031 802 induci

142 847 263 902 sine
295 844 619 919 hujusmodi
651 841 1213 911 contradictionibuS‚
1245 859 1415 914 quam
1442 842 1652 896 mutari
1679 843 1838 898 nullo
1865 846 2037 900 recla-

142 951 331 1001 mante
352 944 471 1018 ipsa
496 942 750 998 Ecclesiae
775 940 1125 1008 constituti0‚
1149 943 1245 995 aut
1272 939 1473 1012 dogma
1496 938 1679 994 ullum
1710 939 2040 996 fundamen-

143 1044 273 1100 tale.
298 1044 463 1098 Porro
490 1042 608 1098 istae
629 1039 1101 1096 contradictiones
1132 1037 1430 1095 efficaciter
1449 1037 1796 1094 obstitissent
1826 1039 2040 1095 falsita-

140 1139 212 1194 tis
243 1139 311 1195 de
340 1139 500 1194 factis
538 1137 660 1194 istis
696 1136 1031 1203 inductioni,
1066 1153 1165 1191 nec
1204 1134 1503 1191 latuissent
1554 1139 1650 1190 aut
1682 1152 1889 1190 coaevos
1942 1144 2035 1191 aut

141 1238 544 1308 subsequentes
586 1234 991 1308 generationes.
1043 1233 1181 1305 Ergo
1209 1250 1505 1304 nunquam
1550 1232 1798 1307 incipere
1838 1251 1899 1288 ac
1925 1240 2037 1289 sta-

142 1334 289 1389 biliri
325 1334 595 1407 potuisset
621 1332 758 1388 fides
778 1332 1057 1387 factorum
1089 1330 1356 1400 istorum,
1385 1330 1497 1385 nisi
1522 1331 1590 1385 ab
1613 1331 1879 1386 omnibus
1905 1349 2031 1387 vera

142 1433 329 1503 agnita
349 1431 609 1486 fuissent.
631 1431 775 1486 —Et
804 1448 930 1485 vero
948 1430 1033 1485 vel.
1052 1429 1329 1484 factorum
1361 1428 1606 1484 istorum
1632 1429 1771 1484 fides
1802 1429 2030 1484 inducta

136 1528 334 1584 fuisset
362 1529 542 1583 subita
569 1527 899 1595 mutatione,
919 1526 1003 1580 vel
1019 1525 1228 1580 sensim
1257 1525 1384 1580 sine
1414 1543 1581 1579 sensu
1606 1543 1703 1579 scu
1723 1525 2037 1580 mutatione

134 1623 470 1680 insensibili.
502 1622 666 1694 Atqui
708 1628 972 1678 neutrum
1010 1620 1117 1676 dici
1142 1626 1320 1695 potest
1355 1641 1365 1672 ε
1402 1638 1516 1675 non
1555 1620 1738 1694 prius,
1779 1639 1841 1675 ex
1874 1621 2034 1676 modo

129 1721 311 1775 allatis
353 1720 687 1774 rationibus.
733 1718 837 1774 Sed
878 1735 1060 1788 neque
1090 1717 1635 1790 posterius:etenim
1690 1718 1747 1771 in
1787 1719 2030 1774 Ecclesia

134 1832 355 1888 semper
384 1815 630 1869 existunt
661 1814 823 1868 multi
848 1812 1036 1868 fideles
1059 1819 1110 1868 et
1126 1812 1249 1867 fidei
1267 1830 1385 1867 suae
1412 1819 1461 1868 et
1491 1813 1746 1867 Ecclesiae
1766 1832 1793 1867 a
1816 1815 2031 1868 Christo

136 1911 451 1967 constitutae
483 1911 870 1979 addictissimi,
905 1917 955 1966 et
987 1911 1099 1966 zelo
1139 1910 1406 1984 puritatis
1438 1916 1488 1965 et
1532 1909 1872 1981 integritatis
1902 1909 2029 1965 fidei

138 2007 441 2075 ferventes3
479 2009 690 2080 quique
716 2007 949 2082 proinde
977 2025 1277 2079 nunquam
1307 2007 1430 2062 sine
1454 2007 1954 2063 reclamationibus
1980 2015 2024 2064 et

137 2105 668 2162 contradictionibus
692 2105 842 2180 passi
873 2105 1116 2160 fuissent
1146 2105 1291 2159 hanc
1325 2122 1523 2159 novam
1558 2103 1722 2159 fidem
1753 2105 2028 2160 factorum

138 2201 371 2257 istorum
405 2202 595 2257 induci
622 2226 630 2267 ;
671 2209 722 2258 et
754 2220 973 2274 semper
996 2201 1230 2272 vigilant
1252 2200 1466 2272 ubique
1486 2208 1734 2275 pastores
1761 2221 1858 2258 seu
1878 2203 2032 2277 Epis-

147 2297 268 2370 copi
291 2297 613 2369 dogmatum
635 2304 683 2352 et
716 2292 1131 2351 constitutionis
1159 2296 1411 2352 Ecclesiae
1438 2299 1698 2354 custodes
1718 2299 2029 2354 fidelissimi

149 2399 200 2446 et
222 2392 527 2446 officiorum
553 2411 782 2447 suorum
816 2392 1316 2459 observantissimi,
1349 2393 1445 2465 qui
1467 2412 1528 2449 ea
1557 2395 1743 2450 omnia
1765 2414 1887 2467 qua*
1908 2414 2030 2469 pos-

152 2494 278 2541 sunt
306 2487 487 2558 gregis
514 2488 619 2541 sibi
638 2489 921 2543 commissi
960 2489 1124 2544 fidem
1151 2491 1380 2544 turbare
1407 2498 1501 2544 aut
1536 2492 1853 2546 adulterare
1884 2492 2031 2546 dete-

148 2590 285 2655 gunt
319 2590 370 2638 ct
399 2590 619 2647 arcent,
661 2590 709 2637 ct
744 2601 960 2656 semper
998 2585 1165 2639 etiam
1190 2586 1295 2638 viri
1325 2586 1468 2640 docti
1498 2589 1745 2662 existunt
1789 2587 1886 2658 qui
1915 2605 2027 2641 om-

148 2697 245 2735 nes
275 2680 543 2735 novitates
566 2697 594 2733 a
614 2678 719 2733 fide
742 2678 949 2733 alienas
969 2679 1192 2751 signant
1225 2687 1393 2751 atque
1411 2681 1696 2753 refellunt,
1716 2689 1766 2738 et
1788 2684 2021 2757 populos

148 2775 203 2829 in
235 2775 463 2831 veritate
488 2774 842 2830 confirmant.
874 2774 1038 2846 Atqui
1079 2793 1207 2830 cum
1250 2775 1371 2831 istis
1399 2777 1662 2833 omnibus
1696 2779 1896 2835 mediis
1936 2799 2028 2835 er-

144 2888 297 2927 rores
325 2872 615 2944 detegendi
660 2889 879 2945 semper
904 2871 1230 2928 in·Ecclcsia
1258 2875 1648 2948 praesentibus‚
1672 2855 2022 2951 impossibile

144 2969 339 3025 fuisset
360 2978 420 3026 ut
447 2970 654 3026 sensim
682 2970 802 3025 sine
831 2987 996 3024 sensu
1024 2979 1263 3044 serperet
1285 2978 1335 3027 et
1361 2972 1637 3030 obtineret
1661 2975 1903 3031 falsitaS.
1933 2977 2027 3030 De-

144 3065 354 3122 buisset
383 3067 590 3142 quippe
618 3066 843 3122 tandem
867 3067 1079 3123 falsitas
1098 3067 1202 3123 ista
1237 3069 1478 3124 diffundi
1506 3076 1567 3125 ut
1600 3071 1659 3125 in
1678 3071 1843 3126 tidem
1876 3091 2025 3127 com-

146 3176 372 3215 munem
399 3162 691 3228 transiret3
729 3163 879 3218 unde
909 3170 962 3219 et
993 3164 1356 3227 statim-fraus
1388 3166 1602 3222 delecta
1630 3167 1828 3222 fuisset
1862 3174 2029 3236 atque

145 3254 382 3327 signata,
411 3257 689 3329 dictisque
715 3276 777 3314 ac
799 3261 1020 3334 scriptis
1038 3279 1100 3316 ac
1130 3269 1419 3335 pastorum
1445 3261 1800 3317 documentis
1829 3262 2028 3316 consu-

142 3357 254 3406 tata
284 3359 334 3406 ct
362 3353 606 3427 repulsa.
635 3355 773 3427 Ergo
799 3373 901 3412 nec
929 3358 1108 3431 potuit
1143 3358 1298 3413 fraus
1325 3357 1431 3413 ista
1466 3357 1677 3411 sensim
1704 3356 1827 3411 sine
1849 3374 2018 3412 sensu

141 3449 411 3505 obtinere.
430 3451 740 3526 —Insuper
759 3453 900 3508 facta
923 3453 1027 3509 ista
1047 3471 1157 3507 non
1180 3460 1391 3508 servata
1421 3458 1552 3508 sunt
1574 3453 1876 3509 traditione
1904 3460 2023 3509 tan-

140 3552 259 3601 tum
289 3546 552 3603 historica
570 3555 620 3604 et
641 3549 771 3604 huic
798 3549 968 3605 simili
987 3568 1095 3622 qua
1130 3549 1538 3605 transmittitur
1555 3550 1829 3606 memoria
1850 3551 2023 3606 facto-

140 3661 268 3700 rum
303 3647 546 3704 historiae
580 3650 859 3724 profanae3
889 3649 982 3705 sed
1004 3649 1308 3705 traduntur
1336 3650 1561 3723 populis
1597 3650 1665 3706 ab
1691 3651 2019 3707 auctoritate
