2410 4114
935 252 1063 298 PARS
1092 251 1258 298 PRIMA.
1989 253 2043 300 17

161 361 303 417 dixit
335 361 589 416 Christus
622 361 802 415 Petro.
846 360 1014 415 Porro
1038 359 1246 414 falsum
1276 358 1503 414 omnino
1549 358 1709 415 soret.
1737 358 1798 414 Ei
1843 359 2049 434 quippe

162 458 330 514 dixit:
365 457 734 529 Quodcumque
758 457 976 512 solveris
1007 458 1108 510 erit
1132 457 1385 527 solutum,
1423 457 1778 529 quodcumque
1803 457 2052 530 quaveris

166 559 269 611 erit
318 557 566 627 liqatum;
611 554 759 627 quod
797 569 993 608 verum
1036 569 1155 608 esse
1199 554 1414 626 nequit,
1469 554 1516 609 si
1551 555 1790 627 quilibet
1818 572 1884 610 ex
1927 553 2053 609 aliis

165 654 465 728 Apostolis,
508 651 802 709 autetiam
835 647 1136 721 Collegium
1187 649 1577 721 Apostolorum
1620 652 2059 726 independenter

168 752 236 807 ab
262 751 381 822 ipso
408 750 554 802 hanc
583 745 837 802 eamdem
866 750 1192 818 potestatem
1230 745 1626 818 quodcumque
1648 749 1895 804 solvendi
1922 755 1973 804 et
1997 748 2067 803 li·-

167 844 334 918 gandi
383 844 604 899 habeat.
647 843 785 898 Nam
825 843 873 898 si
924 842 1142 916 possint
1189 842 1283 896 alii
1318 842 1563 916 Apostoli
1623 842 2063 916 independenter

170 943 238 997 ab
266 942 386 1016 ipso
409 942 759 1014 quodcumque
783 939 956 1012 ligare
986 946 1038 995 et
1075 940 1306 1009 solvere,
1335 945 1598 1012 poterunt
1635 939 1803 994 etiam
1831 939 1887 995 id
1915 940 2064 1013 quod

171 1039 357 1111 ligavit
386 1039 579 1094 Petrus
606 1038 838 1107 solvere,
887 1043 939 1092 et
967 1037 1113 1110 quod
1141 1036 1302 1092 solvit
1326 1036 1523 1109 ligare.
1554 1037 1694 1110 Ergo
1717 1037 1832 1110 jam
1858 1036 2064 1093 falsum

176 1135 279 1191 erit
307 1153 470 1208 posse
493 1136 716 1191 Petrum
754 1135 1110 1207 quodcumque
1137 1134 1312 1206 ligare
1340 1140 1392 1189 et
1436 1134 1672 1191 solvere.
1703 1135 1880 1207 Igitur
1902 1135 2069 1191 verba

174 1233 380 1289 Christi
406 1233 472 1288 ad
494 1235 718 1289 Petrum
746 1232 994 1304 rigorose
1034 1238 1276 1305 arguunt
1311 1232 1619 1305 primatum
1654 1232 2069 1304 jurisdictionis

178 1332 334 1386 Petro
388 1330 674 1398 collatum,
729 1348 831 1386 nec
876 1337 1110 1404 possunt
1163 1329 1271 1385 allo
1317 1347 1487 1385 sensu
1535 1330 1798 1402 intelligi.
1836 1330 2071 1386 Econtra

178 1428 343 1483 verba
369 1427 571 1481 Christi
599 1427 667 1482 ad
699 1427 990 1499 Apostolos
1028 1426 1201 1481 simul
1232 1434 1618 1498 congregatOS,
1663 1445 1762 1499 per
1789 1445 1847 1481 se
1874 1427 2075 1480 admit-

181 1530 307 1578 tunt
338 1523 855 1595 interpretationem
882 1540 1007 1594 quae
1032 1522 1339 1593 primatum
1370 1522 1644 1587 excludit;
1678 1530 1727 1578 et
1757 1523 2074 1578 necessario

184 1619 524 1674 admittenda
553 1625 634 1674 est
681 1618 1066 1690 interpretatio
1119 1619 1258 1687 haee,
1305 1618 1436 1689 quia
1471 1636 1632 1674 secus
1677 1619 1959 1674 evidenter
1994 1623 2076 1676 se-

186 1721 451 1788 queretur
475 1713 756 1768 Christum
787 1713 926 1767 salsa
962 1712 1376 1784 pronuntiasse.
1424 1713 1576 1768 Unde
1622 1714 1849 1769 brevius
1882 1716 1962 1769 sic
1990 1717 2081 1770 ob-

180 1810 345 1884 jectio
371 1809 508 1864 solvi
546 1814 726 1882 potest
755 1830 764 1862 :
798 1807 1008 1863 similia
1042 1807 1176 1863 dixit
1203 1807 1452 1863 Christus
1489 1808 1614 1863 aliis
1640 1809 1939 1883 Apostolis‚
1973 1810 2081 1866 dis—

188 1910 382 1982 tinguo
418 1930 427 1960 ι
461 1915 512 1964 et
539 1909 706 1963 verba
755 1909 870 1963 haec
904 1907 1211 1980 primatum
1259 1906 1668 1980 jurisdictionis
1710 1909 1892 1981 quoad
1946 1909 2084 1964 alios

191 2007 498 2080 Apostolos,
535 2012 810 2079 quatenus
860 2024 889 2060 a
941 2006 1101 2061 Petro
1146 2004 1534 2060 dissentientes
1583 2022 1694 2060 non
1741 2006 2083 2079 exprimunt,

195 2103 431 2160 concedo
464 2126 474 2158 ε
506 2110 558 2159 et
586 2104 751 2159 verba
796 2105 913 2158 haec
938 2083 1246 2176 primatum
1287 2109 1530 2174 arguunt
1572 2102 1631 2157 in
1658 2102 1785 2158 aliis
1812 2110 2087 2176 quatenus

197 2222 226 2258 a
248 2204 405 2258 Petro
424 2201 904 2270 dissentientibus,
934 2219 1099 2275 neg0.

271 2301 350 2355 lv.
382 2301 463 2356 Ex
478 2301 648 2355 verbis
677 2300 893 2369 Christi,
916 2318 1091 2354 noenu
1113 2318 1200 2353 pno
1215 2318 1274 2353 TE
1299 2319 1358 2354 ur
1382 2318 1479 2353 NON
1508 2316 1730 2352 DEFICIAT
1756 2318 1891 2352 mons
1922 2318 2088 2353 TUA...

202 2418 431 2452 comtum
464 2417 673 2452 FRATRES
710 2417 847 2452 TUOS.
876 2432 952 2438 —
979 2398 1066 2452 Sic
1092 2416 1291 2470 nempe
1314 2397 1516 2470 legitur
1543 2397 1685 2470 apud
1713 2398 1912 2451 Lucam
1946 2406 2089 2465 (xxn,

205 2496 296 2565 511)
324 2515 333 2546 :
369 2515 397 2546 «
430 2494 641 2563 Simon,
666 2494 878 2564 Simon,
909 2513 1033 2551 ecce
1059 2495 1289 2549 Satanas
1316 2494 1575 2568 expetivit
1601 2511 1696 2549 vos
1721 2500 1780 2547 ut
1814 2494 2086 2547 cribraret

207 2594 350 2659 sicut
378 2592 630 2647 triticum
659 2614 669 2657 ;
701 2609 798 2663 ego
845 2597 1030 2647 autem
1051 2592 1238 2663 rogavi
1261 2609 1361 2663 pro
1394 2597 1448 2644 te
1487 2595 1551 2643 ut
1578 2607 1689 2643 non
1719 2589 1933 2643 deficiat
1962 2589 2097 2644 fides

206 2698 301 2747 tua
334 2713 344 2743 z
375 2697 428 2745 et
461 2695 521 2743 tu
571 2688 872 2761 aliquando
919 2706 1240 2755 conversuS,
1293 2686 1559 2742 confirma
1613 2686 1815 2741 fratres
1869 2693 2018 2743 tuos,
2069 2709 2095 2738 »

210 2786 471 2852 Quamvis
523 2803 717 2841 ornnes
760 2785 1004 2858 Apostoli
1052 2784 1276 2858 expetiti
1322 2784 1558 2839 fuissent
1606 2801 1635 2838 a
1672 2789 1864 2838 satana
1897 2789 1950 2838 et
1997 2784 2102 2838 cri-

211 2882 410 2939 brandi
457 2888 662 2951 essent,
694 2881 946 2937 Christus
978 2901 1075 2956 pro
1101 2883 1259 2937 Petro
1289 2880 1606 2956 specialiter
1636 2880 1847 2952 rogavit
1893 2886 1954 2934 ut
1992 2899 2103 2935 non

212 2979 465 3034 deficeret
491 2978 628 3034 fides
649 2979 806 3051 ejus;
842 2985 894 3033 et
919 2979 1116 3033 Petrus
1147 2977 1394 3033 osticium
1425 2977 1868 3048 mandatumque
1895 2975 2104 3048 accepit

213 3075 601 3143 confirmandi,
640 3076 692 3131 vi
722 3075 848 3130 fidei
874 3092 987 3131 suae
1013 3095 1123 3131 non
1151 3076 1471 3147 defecturae,
1500 3075 1705 3129 fratres
1735 3091 1889 3142 SUOS,
1917 3073 1972 3126 id
2000 3079 2101 3134 est,

217 3171 503 3242 Apostolos
535 3190 597 3227 ac
620 3172 809 3228 fideles
837 3190 1050 3229 omnes,
1073 3173 1225 3228 Unde
1242 3172 1376 3228 fides
1403 3171 1550 3228 Petri
1571 3188 1669 3243 per
1702 3170 1877 3224 solam
1902 3165 2107 3220 Christi

219 3265 524 3320 orationem
553 3268 822 3323 solidatur
839 3276 891 3324 et
910 3287 940 3323 3
964 3270 1149 3324 cribro
1171 3273 1384 3325 Satanae
1411 3267 1667 3339 eripitur.
1696 3261 1887 3317 Caeteri
1919 3266 2104 3315 autem

222 3365 371 3418 hunc
401 3363 660 3417 effectum
683 3363 948 3418 orationis
970 3365 1172 3419 Christi
1207 3383 1319 3419 non
1355 3359 1637 3435 recepturi
1665 3363 1816 3424 sunt,
1849 3355 1959 3411 nisi
1983 3373 2113 3429 qua-

222 3467 386 3516 tenus
417 3478 446 3534 3
471 3459 627 3514 Petro
653 3459 710 3512 in
736 3458 841 3513 fide
862 3459 1347 3513 confirmabuntur
1380 3465 1430 3513 et
1455 3461 1729 3529 quatenus
1755 3452 2111 3508 confirmanti

222 3555 377 3610 Petro
403 3557 819 3628 obsequentur.·
852 3554 1026 3626 Igitur
1049 3555 1206 3609 Petro
1234 3554 1523 3608 confertur
1555 3556 1795 3625 potestas
1824 3549 1991 3605 tidem
2024 3556 2110 3605 te-

228 3653 462 3708 nendam
493 3671 556 3708 ac
595 3651 958 3727 profitendam
995 3651 1203 3707 caeteris
1241 3651 1503 3706 omnibus
1546 3649 1803 3706 edicendi
1859 3667 1922 3704 ac
1948 3665 2114 3721 praes-

471 3771 503 3802 1.
1845 3753 1871 3798 2
