2320 4010
314 137 402 184 320
984 129 1282 176 TnAcmrns
1311 129 1379 175 ms:
1409 131 1558 178 PAPA.

309 259 376 297 ex
407 258 470 296 eo
503 237 656 312 quod
685 254 757 292 ne
781 236 868 292 vel
895 234 1204 291 minimum
1233 209 1609 311 discrepasset
1632 255 1663 293 a
1691 236 1798 295 fide
1825 237 1984 302 Sedis
2011 240 2239 316 Aposto-

308 338 453 393 lieae.
492 335 554 389 Et
599 333 750 406 quod
789 350 904 387 non
941 331 1384 407 discrepantium
1419 333 1494 389 sit
1534 352 1565 389 a
1601 336 1886 392 consortio
1917 355 2016 393 seu
2064 357 2095 394 a
2131 339 2241 398 fide

313 435 487 507 hujus
514 432 687 500 sediS,
723 431 935 487 dicitur
961 432 1031 487 ab
1062 431 1361 504 Evangelio
1398 431 1648 507 praecipi.
1698 433 1756 489 Id
1795 442 1989 510 aperte
2035 438 2239 511 probat
2306 507 2311 510 ²

305 530 735 600 persuasionem
776 530 843 585 de
883 529 1218 586 necessitate
1257 531 1641 587 concordandi
1682 532 1868 604 quoad
1900 532 2068 590 fidem
2111 552 2242 592 cum
2275 514 2314 597 [2⁴

305 629 559 684 Romano
594 628 878 684 Pontitice.
909 627 1015 683 Sed
1045 634 1320 702 repugnat
1362 628 1674 685 necessitas
1717 629 1834 685 haec
1869 629 1916 686 si
1962 630 2103 688 fides
2136 631 2243 689 Ro-

315 729 472 784 mani
510 727 799 784 Pontificis
840 746 1074 784 erronea
1106 745 1230 785 esse
1255 729 1433 803 possit
1467 749 1478 782 ε
1515 747 1645 803 ergo
1687 728 2010 787 infallibilis
2043 731 2104 787 in
2141 732 2247 791 fide

316 828 599 884 edocenda
631 829 1005 903 reputabatur
1031 828 1316 885 Romanus
1347 828 1623 885 Pontifex.
2288 903 2302 910 .-

395 929 682 984 Pnorosmo
721 928 806 984 X‘.
827 963 904 969 —
926 929 1134 985 Saeculo
1179 949 1228 984 lv
1260 948 1361 1002 pro
1401 936 1546 984 certa
1572 930 1802 985 habitam
1829 932 1994 1003 faisse
2024 932 2248 990 Romani
2298 908 2301 910 -

316 1027 591 1098 Pontificis
636 1029 690 1082 in
739 1027 1010 1082 edocenda
1056 1027 1162 1099 fide
1206 1027 1670 1100 infallibilitatem,
1715 1037 1918 1084 constat
1964 1047 2030 1084 eae
2064 1039 2247 1088 sancto

314 1128 613 1183 Ambrosio,
634 1159 711 1167 —
734 1126 883 1182 Obiit
913 1127 968 1182 S.
1000 1127 1334 1183 Ambrosius
1363 1146 1510 1182 anno
1539 1127 1672 1183 597.
1704 1128 1759 1184 10
1801 1128 1862 1183 In
1891 1148 2152 1187 sermone
2178 1131 2248 1189 de
2299 1127 2320 1206 g

312 1244 548 1282 excessu
595 1227 785 1295 fratris
819 1228 904 1279 sai
950 1226 1129 1297 Satyri
1157 1226 1326 1298 (libro
1367 1226 1409 1293 I,
1461 1243 1520 1279 n.
1557 1227 1652 1293 47,
1694 1227 1938 1299 Operum
1978 1235 2134 1290 tomo
2180 1232 2245 1302 ll,
2292 1198 2320 1319 ι

309 1343 436 1399 pag.
473 1324 619 1380 1126
646 1323 909 1379 editionis
933 1322 1457 1388 Benedictinorum)
1489 1343 1502 1376 t
1542 1342 1569 1372 «
1588 1320 1890 1378 Advocavit
1915 1325 1984 1379 ad
2012 1320 2072 1382 se
2098 1328 2250 1401 Epis·
2304 1310 2305 1313 Ἴ

314 1446 341 1477 «
378 1443 608 1499 copum,
634 1441 740 1480 nec
769 1423 949 1478 ullam
982 1440 1173 1477 veram
1204 1421 1424 1495 putavit
1464 1420 1574 1476 nisi
1613 1439 1756 1477 verae
1799 1421 1929 1478 fidei
1968 1426 2242 1497 gratiam;

314 1545 343 1576 a
380 1528 904 1598 percunctatusque
957 1539 1022 1577 ex
1075 1538 1139 1576 eo
1184 1525 1288 1588 est,
1324 1524 1655 1575 utrumnam
1708 1538 1823 1575 cum
1856 1519 2124 1595 Episcopis
2162 1544 2246 1580 ca-

316 1645 343 1676 «
384 1624 616 1694 tholicis‘,
643 1625 739 1677 hoc
763 1629 862 1689 est,
894 1639 1009 1676 cnm
1054 1620 1299 1676 Romana
1343 1619 1581 1675 Ecclesia
1625 1619 1974 1676 conveniret.
2009 1620 2074 1676 Et
2105 1622 2249 1678 forte

318 1744 344 1774 «
383 1722 449 1778 ad
481 1721 536 1777 id
565 1721 820 1776 locorum
858 1719 917 1774 in
946 1719 1255 1775 schismate
1286 1717 1535 1790 regionis
1573 1717 1731 1774 illius
1759 1717 2007 1774 Ecclesia
2045 1723 2188 1774 erat.
2221 1740 2247 1771 »

314 1821 514 1893 Agitur
537 1819 703 1875 ibide
729 1818 907 1874 sancti
931 1816 1210 1873 Ambrosii
1232 1817 1408 1871 fratre
1425 1816 1642 1890 Satyro.
1664 1817 1715 1871 Is
1742 1824 1866 1889 post
1890 1817 2253 1888 naufragium

321 1917 376 1973 in
414 1917 718 1991 quemdam
763 1917 951 1973 locum
993 1915 1308 1991 appulerat,
1345 1921 1398 1970 et
1442 1914 1520 1970 ibi
1551 1914 1800 1988 recipere
1832 1914 2009 1970 voluit
2041 1916 2253 1989 baptis-

321 2016 488 2074 matis
516 2023 957 2086 sacramentum,
992 2015 1083 2071 cui
1112 2014 1362 2070 nondum
1392 2013 1650 2069 initiatus
1673 2013 1876 2068 fuerat.
1903 2013 2252 2088 Quapropter

319 2116 605 2173 advocavit
635 2116 703 2172 ad
738 2134 799 2172 se
824 2115 1188 2189 Episcopum.
1227 2113 1331 2169 Sed
1370 2118 1631 2168 metuens
1658 2130 1728 2167 ne
1759 2112 1903 2169 forte
1944 2113 2249 2188 Episcopus

317 2216 413 2273 ille
452 2216 757 2272 haereticus
817 2216 960 2271 foret
1004 2221 1100 2270 aut
1154 2213 1573 2280 schismaticuS,
1621 2213 1807 2286 ipsum
1859 2212 2245 2288 interrogavit,

315 2321 510 2371 utrum
534 2314 855 2371 conveniret
877 2332 990 2369 cum
1016 2314 1291 2386 Episcopis
1312 2312 1602 2381 catholicis,
1623 2311 1717 2366 hoc
1735 2319 1835 2381 est,
1866 2329 1979 2367 cum
2009 2312 2248 2369 Romana
2282 2303 2320 2393 ,ᾖ

312 2415 567 2472 Ecclesia.
595 2416 928 2470 Persuasum
960 2431 1092 2486 ergo
1124 2412 1229 2468 fuit
1259 2418 1458 2468 sancto
1478 2410 1795 2479 AmbrosiO,
1829 2429 2051 2467 necnon
2085 2411 2244 2468 fratri

312 2513 434 2586 ejus
478 2513 699 2586 Satyro,
751 2511 900 2567 idem
932 2529 1055 2567 esse
1084 2510 1389 2566 convenire
1430 2528 1543 2565 cam
1590 2509 1830 2565 Romana
1873 2508 2129 2579 Ecclesia,
2181 2527 2243 2566 ac

310 2612 611 2668 convenire
637 2630 768 2668 cum
794 2611 1084 2686 Episcopis
1110 2609 1424 2680 catholicis,
1454 2627 1553 2665 seu
1574 2627 1685 2664 cum
1710 2609 1946 2665 Ecclesia
1963 2610 2236 2665 catholica.

309 2709 551 2764 Proinde
584 2709 966 2765 indubitatam
998 2710 1323 2766 habuerunt
1355 2709 1502 2763 hanc
1534 2707 1888 2763 doctrinam:
1917 2706 2013 2780 qui
2047 2725 2243 2764 conve-

311 2805 398 2860 nit
427 2823 559 2859 cum
586 2806 834 2861 Romana
860 2807 1128 2871 Ecclesia,
1164 2813 1247 2863 est
1276 2805 1594 2862 catholicus
1631 2826 1642 2858 :
1681 2805 1778 2878 qui
1804 2823 1917 2861 non
1951 2805 2235 2877 convenit,

309 2909 416 2973 est,
438 2902 524 2958 vel
559 2903 875 2975 haereticus,
911 2905 999 2958 vel
1033 2905 1236 2960 saltem
1269 2903 1692 2958 schismaticus
1727 2903 1893 2956 Porro
1918 2902 1974 2956 id
2002 2901 2238 2957 falsissi-

308 3019 467 3056 mum
496 3000 659 3069 foret,
685 3000 732 3055 si
752 2999 997 3056 Romana
1027 3000 1273 3056 Ecclesia
1298 2999 1358 3054 in
1379 2998 1664 3055 edocenda
1688 2998 1797 3054 fide
1818 3017 2004 3054 errare
2021 3006 2230 3074 posset.

305 3098 360 3154 Si
384 3098 536 3155 enim
554 3099 843 3155 Romanus
867 3098 1118 3155 Ponti‘ex
1138 3097 1398 3155 baeresim
1426 3097 1758 3171 profiteatur
1782 3115 1845 3154 ac
1868 3096 2082 3168 doceat,
2101 3116 2237 3170 quo-

303 3196 470 3252 modo
502 3197 815 3253 catholicus
853 3197 960 3252 erit
1001 3197 1099 3271 qui
1144 3215 1273 3252 cum
1306 3194 1404 3252 illo
1451 3195 1509 3250 in
1547 3194 1657 3250 fide
1693 3195 2090 3251 concordabit?
2129 3196 2230 3251 Pro
2272 3258 2275 3262 ⁴

303 3295 621 3351 indubitata
651 3295 826 3369 igitur
844 3297 1168 3352 hahuerunt
1189 3296 1244 3351 S.
1276 3294 1609 3350 Ambrosius
1637 3299 1692 3349 et
1711 3295 1884 3350 frater
1903 3293 2047 3366 ejuS,
2071 3292 2228 3348 Sedis

300 3394 634 3469 Apostolicae
671 3395 730 3450 in
763 3397 936 3453 rebus
971 3395 1102 3452 fidei
1141 3394 1539 3451 inerrantiam.
1580 3393 1839 3450 Conferat
1875 3394 2051 3449 lector
2081 3393 2225 3451 hanc

300 3493 581 3549 Ambrosii
623 3493 952 3566 formulam,
988 3513 1119 3551 cum
1162 3493 1339 3550 simili
1386 3510 1496 3566 qua
1534 3510 1679 3548 usus
1723 3497 1842 3547 erat
1887 3490 2216 3568 Cyprianus,

300 3589 396 3646 Hic
419 3592 475 3647 in
495 3593 733 3667 epistola
758 3614 844 3663 Lu,
875 3594 946 3650 ad
967 3594 1352 3650 Antonianum
1376 3591 1720 3668 Episcopum
1753 3589 1982 3665 (pagina
2006 3589 2078 3645 95
2105 3585 2222 3643 edi·
2317 3559 2320 3683 ἢ
