<?xml version="1.0" encoding="UTF-8"?>
<!DOCTYPE html PUBLIC "-//W3C//DTD XHTML 1.0 Transitional//EN"
    "http://www.w3.org/TR/xhtml1/DTD/xhtml1-transitional.dtd">
<html xmlns="http://www.w3.org/1999/xhtml" xml:lang="en" lang="en">
 <head>
  <title>
</title>
<meta http-equiv="Content-Type" content="text/html;charset=utf-8" />
  <meta name='ocr-system' content='tesseract 3.04.00' />
  <meta name='ocr-capabilities' content='ocr_page ocr_carea ocr_par ocr_line ocrx_word'/>
</head>
<body>
  <div class='ocr_page' id='page_1' title='image "a548470101bouiuoft_0414.png"; bbox 0 0 2320 4010; ppageno 0'>
   <div class='ocr_carea' id='block_1_1' title="bbox 283 165 1524 225">
    <p class='ocr_par' dir='ltr' id='par_1_1' title="bbox 283 165 1524 225">
     <span class='ocr_line' id='line_1_1' title="bbox 283 165 1524 225; baseline -0.004 0"><span class='ocrx_word' id='word_1_1' title='bbox 283 174 371 225; x_wconf 74' lang='grc'>404</span> <span class='ocrx_word' id='word_1_2' title='bbox 954 165 1248 219; x_wconf 82' lang='lat' dir='ltr'><strong>TRACTATUS</strong></span> <span class='ocrx_word' id='word_1_3' title='bbox 1281 165 1346 219; x_wconf 85' lang='lat' dir='ltr'>DE</span> <span class='ocrx_word' id='word_1_4' title='bbox 1377 170 1524 220; x_wconf 75' lang='lat' dir='ltr'>PAPA.</span> 
     </span>
    </p>
   </div>
   <div class='ocr_carea' id='block_1_2' title="bbox 269 280 2200 2733">
    <p class='ocr_par' dir='ltr' id='par_1_2' title="bbox 269 280 2200 2232">
     <span class='ocr_line' id='line_1_2' title="bbox 285 280 2190 357; baseline 0.001 -19"><span class='ocrx_word' id='word_1_5' title='bbox 285 307 312 338; x_wconf 90' lang='lat'>«</span> <span class='ocrx_word' id='word_1_6' title='bbox 345 285 591 342; x_wconf 89' lang='lat' dir='ltr'>tolorum</span> <span class='ocrx_word' id='word_1_7' title='bbox 637 280 968 357; x_wconf 77' lang='lat' dir='ltr'>praesentia3</span> <span class='ocrx_word' id='word_1_8' title='bbox 1011 280 1104 337; x_wconf 92' lang='lat' dir='ltr'>cui</span> <span class='ocrx_word' id='word_1_9' title='bbox 1158 300 1189 336; x_wconf 89' lang='lat' dir='ltr'>a</span> <span class='ocrx_word' id='word_1_10' title='bbox 1240 299 1372 338; x_wconf 88' lang='lat' dir='ltr'>vero</span> <span class='ocrx_word' id='word_1_11' title='bbox 1399 281 1511 344; x_wconf 35' lang='lat' dir='ltr'>,Dei</span> <span class='ocrx_word' id='word_1_12' title='bbox 1566 281 1752 338; x_wconf 83' lang='lat' dir='ltr'>filio...</span> <span class='ocrx_word' id='word_1_13' title='bbox 1812 280 2030 340; x_wconf 90' lang='lat' dir='ltr'>dictum</span> <span class='ocrx_word' id='word_1_14' title='bbox 2059 291 2143 340; x_wconf 89' lang='lat' dir='ltr'>est</span> <span class='ocrx_word' id='word_1_15' title='bbox 2180 305 2190 340; x_wconf 92' lang='lat'>:</span> 
     </span>
     <span class='ocr_line' id='line_1_3' title="bbox 281 379 2198 454; baseline 0.001 -18"><span class='ocrx_word' id='word_1_16' title='bbox 281 406 309 436; x_wconf 92' lang='lat'>«</span> <span class='ocrx_word' id='word_1_17' title='bbox 352 383 426 439; x_wconf 83' lang='grc' dir='ltr'>Τιι</span> <span class='ocrx_word' id='word_1_18' title='bbox 474 400 528 437; x_wconf 86' lang='lat' dir='ltr'>es</span> <span class='ocrx_word' id='word_1_19' title='bbox 576 380 768 436; x_wconf 81' lang='lat' dir='ltr'>Petrus</span> <span class='ocrx_word' id='word_1_20' title='bbox 815 388 862 436; x_wconf 86' lang='lat' dir='ltr'>et</span> <span class='ocrx_word' id='word_1_21' title='bbox 912 398 1073 454; x_wconf 78' lang='lat' dir='ltr'>super</span> <span class='ocrx_word' id='word_1_22' title='bbox 1118 379 1250 436; x_wconf 83' lang='lat' dir='ltr'>hanc</span> <span class='ocrx_word' id='word_1_23' title='bbox 1284 388 1571 453; x_wconf 81' lang='lat' dir='ltr'>petram...</span> <span class='ocrx_word' id='word_1_24' title='bbox 1635 379 1766 444; x_wconf 81' lang='lat' dir='ltr'>Quae</span> <span class='ocrx_word' id='word_1_25' title='bbox 1813 397 1927 437; x_wconf 80' lang='lat' dir='ltr'>non</span> <span class='ocrx_word' id='word_1_26' title='bbox 1981 382 2049 437; x_wconf 93' lang='lat' dir='ltr'>ab</span> <span class='ocrx_word' id='word_1_27' title='bbox 2104 382 2198 438; x_wconf 87' lang='lat' dir='ltr'>ho-</span> 
     </span>
     <span class='ocr_line' id='line_1_4' title="bbox 281 477 2196 554; baseline 0.003 -22"><span class='ocrx_word' id='word_1_28' title='bbox 281 501 308 532; x_wconf 90' lang='lat'>«</span> <span class='ocrx_word' id='word_1_29' title='bbox 350 478 526 550; x_wconf 90' lang='lat' dir='ltr'>mine,</span> <span class='ocrx_word' id='word_1_30' title='bbox 577 497 766 552; x_wconf 87' lang='lat' dir='ltr'>neque</span> <span class='ocrx_word' id='word_1_31' title='bbox 820 496 920 554; x_wconf 89' lang='lat' dir='ltr'>per</span> <span class='ocrx_word' id='word_1_32' title='bbox 973 477 1286 547; x_wconf 88' lang='lat' dir='ltr'>hominem,</span> <span class='ocrx_word' id='word_1_33' title='bbox 1343 478 1439 534; x_wconf 91' lang='lat' dir='ltr'>sed</span> <span class='ocrx_word' id='word_1_34' title='bbox 1485 496 1585 554; x_wconf 91' lang='lat' dir='ltr'>per</span> <span class='ocrx_word' id='word_1_35' title='bbox 1661 478 1961 535; x_wconf 87' lang='lat' dir='ltr'>Dominum</span> <span class='ocrx_word' id='word_1_36' title='bbox 2009 479 2196 537; x_wconf 86' lang='lat' dir='ltr'>Jesum</span> 
     </span>
     <span class='ocr_line' id='line_1_5' title="bbox 281 577 2199 653; baseline 0.003 -22"><span class='ocrx_word' id='word_1_37' title='bbox 281 602 307 632; x_wconf 89' lang='lat'>«</span> <span class='ocrx_word' id='word_1_38' title='bbox 343 578 650 648; x_wconf 85' lang='lat' dir='ltr'>Christum,</span> <span class='ocrx_word' id='word_1_39' title='bbox 692 577 838 635; x_wconf 91' lang='lat' dir='ltr'>sicut</span> <span class='ocrx_word' id='word_1_40' title='bbox 868 579 1066 635; x_wconf 87' lang='lat' dir='ltr'>Petrus</span> <span class='ocrx_word' id='word_1_41' title='bbox 1100 584 1154 634; x_wconf 90' lang='grc'>61</span> <span class='ocrx_word' id='word_1_42' title='bbox 1193 578 1399 634; x_wconf 89' lang='lat' dir='ltr'>Paulus</span> <span class='ocrx_word' id='word_1_43' title='bbox 1442 578 1847 653; x_wconf 89' lang='lat' dir='ltr'>apostolatum,</span> <span class='ocrx_word' id='word_1_44' title='bbox 1881 577 1956 635; x_wconf 87' lang='lat' dir='ltr'>ita</span> <span class='ocrx_word' id='word_1_45' title='bbox 1989 584 2043 634; x_wconf 89' lang='lat' dir='ltr'>et</span> <span class='ocrx_word' id='word_1_46' title='bbox 2086 579 2199 637; x_wconf 85' lang='lat' dir='ltr'>haec</span> 
     </span>
     <span class='ocr_line' id='line_1_6' title="bbox 278 660 2196 751; baseline 0.002 -21"><span class='ocrx_word' id='word_1_47' title='bbox 278 699 305 730; x_wconf 93' lang='lat'>«</span> <span class='ocrx_word' id='word_1_48' title='bbox 335 682 529 734; x_wconf 89' lang='lat' dir='ltr'>sancta</span> <span class='ocrx_word' id='word_1_49' title='bbox 553 675 718 733; x_wconf 83' lang='lat' dir='ltr'>Sedes</span> <span class='ocrx_word' id='word_1_50' title='bbox 757 675 1018 731; x_wconf 90' lang='lat' dir='ltr'>omnium</span> <span class='ocrx_word' id='word_1_51' title='bbox 1052 674 1343 731; x_wconf 87' lang='lat' dir='ltr'>civitatum</span> <span class='ocrx_word' id='word_1_52' title='bbox 1369 675 1577 732; x_wconf 88' lang='lat' dir='ltr'>meruit</span> <span class='ocrx_word' id='word_1_53' title='bbox 1606 660 2079 751; x_wconf 70' lang='lat' dir='ltr'>principatum.⁶»</span> <span class='ocrx_word' id='word_1_54' title='bbox 2109 678 2196 733; x_wconf 89' lang='lat' dir='ltr'>Al-</span> 
     </span>
     <span class='ocr_line' id='line_1_7' title="bbox 275 774 2200 850; baseline -0.001 -17"><span class='ocrx_word' id='word_1_55' title='bbox 275 777 422 850; x_wconf 87' lang='lat' dir='ltr'>legat</span> <span class='ocrx_word' id='word_1_56' title='bbox 469 781 662 850; x_wconf 89' lang='lat' dir='ltr'>postea</span> <span class='ocrx_word' id='word_1_57' title='bbox 707 775 1042 832; x_wconf 88' lang='lat' dir='ltr'>llincmarus</span> <span class='ocrx_word' id='word_1_58' title='bbox 1081 774 1362 831; x_wconf 85' lang='lat' dir='ltr'>Coelestini</span> <span class='ocrx_word' id='word_1_59' title='bbox 1423 775 1580 849; x_wconf 82' lang='lat' dir='ltr'>Papae</span> <span class='ocrx_word' id='word_1_60' title='bbox 1627 775 1990 845; x_wconf 87' lang='lat' dir='ltr'>sententiam,</span> <span class='ocrx_word' id='word_1_61' title='bbox 2040 776 2200 849; x_wconf 70' lang='lat' dir='ltr'>leyem</span> 
     </span>
     <span class='ocr_line' id='line_1_8' title="bbox 276 871 2199 946; baseline -0.001 -15"><span class='ocrx_word' id='word_1_62' title='bbox 276 876 523 931; x_wconf 81' lang='lat' dir='ltr'>credendi</span> <span class='ocrx_word' id='word_1_63' title='bbox 551 875 636 930; x_wconf 65' lang='lat' dir='ltr'>lea·</span> <span class='ocrx_word' id='word_1_64' title='bbox 666 882 876 930; x_wconf 81' lang='lat' dir='ltr'>statuat</span> <span class='ocrx_word' id='word_1_65' title='bbox 909 874 1263 946; x_wconf 77' lang='lat' dir='ltr'>supplicandi.</span> <span class='ocrx_word' id='word_1_66' title='bbox 1295 873 1378 927; x_wconf 74' lang='lat' dir='ltr'>&#39;Ex</span> <span class='ocrx_word' id='word_1_67' title='bbox 1417 891 1526 945; x_wconf 88' lang='lat' dir='ltr'>qua</span> <span class='ocrx_word' id='word_1_68' title='bbox 1551 871 1886 929; x_wconf 86' lang='lat' dir='ltr'>auctoritate</span> <span class='ocrx_word' id='word_1_69' title='bbox 1913 873 2199 931; x_wconf 87' lang='lat' dir='ltr'>concludit</span> 
     </span>
     <span class='ocr_line' id='line_1_9' title="bbox 272 971 2200 1046; baseline 0.001 -17"><span class='ocrx_word' id='word_1_70' title='bbox 272 973 577 1031; x_wconf 87' lang='lat' dir='ltr'>tenendam</span> <span class='ocrx_word' id='word_1_71' title='bbox 606 992 636 1029; x_wconf 88' lang='lat' dir='ltr'>a</span> <span class='ocrx_word' id='word_1_72' title='bbox 662 972 827 1029; x_wconf 89' lang='lat' dir='ltr'>nobis</span> <span class='ocrx_word' id='word_1_73' title='bbox 866 989 991 1028; x_wconf 89' lang='lat' dir='ltr'>esse</span> <span class='ocrx_word' id='word_1_74' title='bbox 1026 971 1215 1039; x_wconf 83' lang='lat' dir='ltr'>fidem,</span> <span class='ocrx_word' id='word_1_75' title='bbox 1242 990 1368 1044; x_wconf 78' lang='lat' dir='ltr'>quae</span> <span class='ocrx_word' id='word_1_76' title='bbox 1396 989 1497 1046; x_wconf 89' lang='lat' dir='ltr'>per</span> <span class='ocrx_word' id='word_1_77' title='bbox 1523 972 1781 1046; x_wconf 85' lang='lat' dir='ltr'>publicas</span> <span class='ocrx_word' id='word_1_78' title='bbox 1827 972 2086 1028; x_wconf 75' lang='lat' dir='ltr'>Ecclesiae</span> <span class='ocrx_word' id='word_1_79' title='bbox 2117 991 2200 1030; x_wconf 89' lang='lat' dir='ltr'>ca·</span> 
     </span>
     <span class='ocr_line' id='line_1_10' title="bbox 274 1059 2197 1147; baseline 0 -17"><span class='ocrx_word' id='word_1_80' title='bbox 274 1074 501 1131; x_wconf 87' lang='lat' dir='ltr'>tholicae</span> <span class='ocrx_word' id='word_1_81' title='bbox 535 1059 816 1130; x_wconf 87' lang='lat' dir='ltr'>orationes</span> <span class='ocrx_word' id='word_1_82' title='bbox 852 1071 1214 1147; x_wconf 84' lang='lat' dir='ltr'>praedicatur.</span> <span class='ocrx_word' id='word_1_83' title='bbox 1243 1072 1385 1126; x_wconf 89' lang='lat' dir='ltr'>Tum</span> <span class='ocrx_word' id='word_1_84' title='bbox 1432 1072 1659 1128; x_wconf 85' lang='lat' dir='ltr'>adnotat</span> <span class='ocrx_word' id='word_1_85' title='bbox 1686 1072 1807 1128; x_wconf 80' lang='lat' dir='ltr'>fieri</span> <span class='ocrx_word' id='word_1_86' title='bbox 1850 1074 1918 1128; x_wconf 90' lang='lat' dir='ltr'>ab</span> <span class='ocrx_word' id='word_1_87' title='bbox 1955 1074 2197 1130; x_wconf 74' lang='lat' dir='ltr'>Ecclesia</span> 
     </span>
     <span class='ocr_line' id='line_1_11' title="bbox 282 1168 2199 1247; baseline 0 -19"><span class='ocrx_word' id='word_1_88' title='bbox 282 1172 723 1247; x_wconf 79' lang='lat' dir='ltr'>supplicationes</span> <span class='ocrx_word' id='word_1_89' title='bbox 754 1188 856 1244; x_wconf 89' lang='lat' dir='ltr'>pro</span> <span class='ocrx_word' id='word_1_90' title='bbox 899 1168 1301 1236; x_wconf 78' lang='lat' dir='ltr'>scliismaticiS,</span> <span class='ocrx_word' id='word_1_91' title='bbox 1340 1169 1640 1237; x_wconf 82' lang='lat' dir='ltr'>haereticis,</span> <span class='ocrx_word' id='word_1_92' title='bbox 1678 1170 1878 1243; x_wconf 65' lang='lat' dir='ltr'>judaeis</span> <span class='ocrx_word' id='word_1_93' title='bbox 1906 1177 2076 1244; x_wconf 89' lang='lat' dir='ltr'>atquc</span> <span class='ocrx_word' id='word_1_94' title='bbox 2107 1191 2199 1247; x_wconf 89' lang='lat' dir='ltr'>pa-</span> 
     </span>
     <span class='ocr_line' id='line_1_12' title="bbox 270 1267 2199 1345; baseline 0.001 -18"><span class='ocrx_word' id='word_1_95' title='bbox 270 1271 468 1345; x_wconf 84' lang='lat' dir='ltr'>ganis;</span> <span class='ocrx_word' id='word_1_96' title='bbox 510 1276 563 1325; x_wconf 86' lang='lat' dir='ltr'>et</span> <span class='ocrx_word' id='word_1_97' title='bbox 591 1269 725 1325; x_wconf 87' lang='lat' dir='ltr'>citat</span> <span class='ocrx_word' id='word_1_98' title='bbox 775 1267 1115 1336; x_wconf 90' lang='lat' dir='ltr'>orationem,</span> <span class='ocrx_word' id='word_1_99' title='bbox 1152 1267 1295 1321; x_wconf 82' lang='lat' dir='ltr'>Deus</span> <span class='ocrx_word' id='word_1_100' title='bbox 1322 1269 1410 1338; x_wconf 80' lang='lat' dir='ltr'>qui</span> <span class='ocrx_word' id='word_1_101' title='bbox 1432 1267 1604 1320; x_wconf 75' lang='lat' dir='ltr'>salvos</span> <span class='ocrx_word' id='word_1_102' title='bbox 1636 1285 1814 1322; x_wconf 81' lang='lat' dir='ltr'>omnes</span> <span class='ocrx_word' id='word_1_103' title='bbox 1848 1279 1899 1325; x_wconf 87' lang='lat' dir='ltr'>et</span> <span class='ocrx_word' id='word_1_104' title='bbox 1936 1274 2199 1328; x_wconf 79' lang='lat' dir='ltr'>neminem</span> 
     </span>
     <span class='ocr_line' id='line_1_13' title="bbox 269 1363 2195 1443; baseline 0.002 -18"><span class='ocrx_word' id='word_1_105' title='bbox 269 1371 345 1426; x_wconf 84' lang='lat' dir='ltr'>vis</span> <span class='ocrx_word' id='word_1_106' title='bbox 369 1371 573 1443; x_wconf 82' lang='lat' dir='ltr'>perire,</span> <span class='ocrx_word' id='word_1_107' title='bbox 595 1373 701 1423; x_wconf 90' lang='lat' dir='ltr'>etc.</span> <span class='ocrx_word' id='word_1_108' title='bbox 745 1365 1001 1440; x_wconf 82' lang='lat' dir='ltr'>(ibidem,</span> <span class='ocrx_word' id='word_1_109' title='bbox 1031 1365 1138 1420; x_wconf 92' lang='grc'>601.</span> <span class='ocrx_word' id='word_1_110' title='bbox 1176 1364 1289 1419; x_wconf 56' lang='lat'>2115</span> <span class='ocrx_word' id='word_1_111' title='bbox 1312 1370 1363 1419; x_wconf 94' lang='grc'>61</span> <span class='ocrx_word' id='word_1_112' title='bbox 1398 1363 1559 1434; x_wconf 77' lang='lat' dir='ltr'>aliaS,</span> <span class='ocrx_word' id='word_1_113' title='bbox 1582 1364 1687 1419; x_wconf 89' lang='lat' dir='ltr'>col.</span> <span class='ocrx_word' id='word_1_114' title='bbox 1713 1364 1865 1438; x_wconf 80' lang='lat'>475).</span> <span class='ocrx_word' id='word_1_115' title='bbox 1890 1367 1951 1423; x_wconf 88' lang='lat' dir='ltr'>Et</span> <span class='ocrx_word' id='word_1_116' title='bbox 1971 1371 2195 1428; x_wconf 85' lang='lat' dir='ltr'>tandem</span> 
     </span>
     <span class='ocr_line' id='line_1_14' title="bbox 280 1463 2195 1540; baseline 0.001 -14"><span class='ocrx_word' id='word_1_117' title='bbox 280 1487 444 1526; x_wconf 89' lang='lat' dir='ltr'>suam</span> <span class='ocrx_word' id='word_1_118' title='bbox 506 1469 648 1525; x_wconf 89' lang='lat' dir='ltr'>hanc</span> <span class='ocrx_word' id='word_1_119' title='bbox 690 1464 1241 1540; x_wconf 81' lang='lat' dir='ltr'>argumentationem</span> <span class='ocrx_word' id='word_1_120' title='bbox 1297 1463 1378 1518; x_wconf 90' lang='lat' dir='ltr'>sic</span> <span class='ocrx_word' id='word_1_121' title='bbox 1430 1463 1717 1518; x_wconf 87' lang='lat' dir='ltr'>concludit</span> <span class='ocrx_word' id='word_1_122' title='bbox 1761 1483 1770 1516; x_wconf 92' lang='lat'>:</span> <span class='ocrx_word' id='word_1_123' title='bbox 1813 1465 1941 1536; x_wconf 66' lang='lat' dir='ltr'>Piis,</span> <span class='ocrx_word' id='word_1_124' title='bbox 1995 1470 2195 1528; x_wconf 73' lang='lat' dir='ltr'>devotis</span> 
     </span>
     <span class='ocr_line' id='line_1_15' title="bbox 273 1563 2190 1641; baseline 0.002 -18"><span class='ocrx_word' id='word_1_125' title='bbox 273 1576 428 1641; x_wconf 81' lang='lat' dir='ltr'>atque</span> <span class='ocrx_word' id='word_1_126' title='bbox 463 1567 740 1624; x_wconf 72' lang='lat' dir='ltr'>catholicis</span> <span class='ocrx_word' id='word_1_127' title='bbox 766 1565 859 1621; x_wconf 89' lang='lat' dir='ltr'>hoc</span> <span class='ocrx_word' id='word_1_128' title='bbox 890 1572 1069 1638; x_wconf 79' lang='lat' dir='ltr'>potest</span> <span class='ocrx_word' id='word_1_129' title='bbox 1102 1572 1151 1619; x_wconf 83' lang='lat' dir='ltr'>et</span> <span class='ocrx_word' id='word_1_130' title='bbox 1193 1563 1287 1618; x_wconf 84' lang='lat' dir='ltr'>hoc</span> <span class='ocrx_word' id='word_1_131' title='bbox 1311 1563 1459 1617; x_wconf 79' lang='lat' dir='ltr'>debet</span> <span class='ocrx_word' id='word_1_132' title='bbox 1487 1564 1758 1635; x_wconf 75' lang='lat' dir='ltr'>sufficere,</span> <span class='ocrx_word' id='word_1_133' title='bbox 1792 1565 1929 1636; x_wconf 78' lang='lat' dir='ltr'>quod</span> <span class='ocrx_word' id='word_1_134' title='bbox 1968 1572 2190 1626; x_wconf 69' lang='lat' dir='ltr'>omnium</span> 
     </span>
     <span class='ocr_line' id='line_1_16' title="bbox 275 1662 2193 1735; baseline 0.001 -14"><span class='ocrx_word' id='word_1_135' title='bbox 275 1665 629 1722; x_wconf 78' lang='lat' dir='ltr'>Ecclesiarum</span> <span class='ocrx_word' id='word_1_136' title='bbox 666 1672 838 1720; x_wconf 83' lang='lat' dir='ltr'>mater</span> <span class='ocrx_word' id='word_1_137' title='bbox 885 1672 1071 1719; x_wconf 81' lang='lat' dir='ltr'>sancta</span> <span class='ocrx_word' id='word_1_138' title='bbox 1102 1662 1356 1718; x_wconf 80' lang='lat' dir='ltr'>catholica</span> <span class='ocrx_word' id='word_1_139' title='bbox 1399 1669 1555 1734; x_wconf 76' lang='lat' dir='ltr'>atque</span> <span class='ocrx_word' id='word_1_140' title='bbox 1595 1662 1884 1735; x_wconf 77' lang='lat' dir='ltr'>apostolica</span> <span class='ocrx_word' id='word_1_141' title='bbox 1915 1664 2061 1719; x_wconf 77' lang='lat' dir='ltr'>(locet</span> <span class='ocrx_word' id='word_1_142' title='bbox 2094 1667 2193 1722; x_wconf 91' lang='lat' dir='ltr'>Ro-</span> 
     </span>
     <span class='ocr_line' id='line_1_17' title="bbox 272 1761 2191 1836; baseline -0.001 -16"><span class='ocrx_word' id='word_1_143' title='bbox 272 1785 430 1821; x_wconf 79' lang='lat' dir='ltr'>mana</span> <span class='ocrx_word' id='word_1_144' title='bbox 470 1765 708 1821; x_wconf 76' lang='lat' dir='ltr'>Ecclesia</span> <span class='ocrx_word' id='word_1_145' title='bbox 767 1764 909 1836; x_wconf 87' lang='lat' dir='ltr'>(loco</span> <span class='ocrx_word' id='word_1_146' title='bbox 954 1763 1145 1830; x_wconf 88' lang='lat' dir='ltr'>citato,</span> <span class='ocrx_word' id='word_1_147' title='bbox 1185 1762 1290 1817; x_wconf 91' lang='lat' dir='ltr'>col.</span> <span class='ocrx_word' id='word_1_148' title='bbox 1342 1762 1497 1832; x_wconf 71' lang='lat'><strong>214).</strong></span> <span class='ocrx_word' id='word_1_149' title='bbox 1544 1761 1598 1816; x_wconf 86' lang='lat' dir='ltr'>Si</span> <span class='ocrx_word' id='word_1_150' title='bbox 1655 1761 1834 1817; x_wconf 91' lang='lat' dir='ltr'>errori</span> <span class='ocrx_word' id='word_1_151' title='bbox 1889 1762 2191 1820; x_wconf 83' lang='lat' dir='ltr'>obnoxium</span> 
     </span>
     <span class='ocr_line' id='line_1_18' title="bbox 275 1861 2184 1936; baseline 0.001 -18"><span class='ocrx_word' id='word_1_152' title='bbox 275 1864 417 1920; x_wconf 88' lang='lat' dir='ltr'>foret</span> <span class='ocrx_word' id='word_1_153' title='bbox 447 1864 598 1936; x_wconf 86' lang='lat' dir='ltr'>quod</span> <span class='ocrx_word' id='word_1_154' title='bbox 635 1864 792 1920; x_wconf 89' lang='lat' dir='ltr'>docet</span> <span class='ocrx_word' id='word_1_155' title='bbox 818 1864 1069 1919; x_wconf 85' lang='lat' dir='ltr'>Romana</span> <span class='ocrx_word' id='word_1_156' title='bbox 1098 1861 1364 1931; x_wconf 78' lang='lat' dir='ltr'>Ecclesia,</span> <span class='ocrx_word' id='word_1_157' title='bbox 1395 1861 1450 1916; x_wconf 91' lang='lat' dir='ltr'>id</span> <span class='ocrx_word' id='word_1_158' title='bbox 1477 1879 1579 1916; x_wconf 89' lang='lat' dir='ltr'>nec</span> <span class='ocrx_word' id='word_1_159' title='bbox 1615 1867 1800 1935; x_wconf 88' lang='lat' dir='ltr'>posset</span> <span class='ocrx_word' id='word_1_160' title='bbox 1836 1879 1938 1917; x_wconf 90' lang='lat' dir='ltr'>nec</span> <span class='ocrx_word' id='word_1_161' title='bbox 1970 1862 2184 1920; x_wconf 83' lang='lat' dir='ltr'>deberet</span> 
     </span>
     <span class='ocr_line' id='line_1_19' title="bbox 282 1960 2190 2033; baseline 0 -16"><span class='ocrx_word' id='word_1_162' title='bbox 282 1962 579 2019; x_wconf 86' lang='lat' dir='ltr'>catholicis</span> <span class='ocrx_word' id='word_1_163' title='bbox 613 1962 894 2019; x_wconf 86' lang='lat' dir='ltr'>sufficere.</span> <span class='ocrx_word' id='word_1_164' title='bbox 936 1962 1076 2017; x_wconf 88' lang='lat' dir='ltr'>Dum</span> <span class='ocrx_word' id='word_1_165' title='bbox 1115 1979 1247 2033; x_wconf 90' lang='lat' dir='ltr'>ergo</span> <span class='ocrx_word' id='word_1_166' title='bbox 1290 1960 1489 2017; x_wconf 85' lang='lat' dir='ltr'>asserit</span> <span class='ocrx_word' id='word_1_167' title='bbox 1538 1960 1875 2016; x_wconf 85' lang='lat' dir='ltr'>llinc1narus</span> <span class='ocrx_word' id='word_1_168' title='bbox 1927 1962 2190 2018; x_wconf 77' lang='lat' dir='ltr'>catholicis</span> 
     </span>
     <span class='ocr_line' id='line_1_20' title="bbox 276 2059 2193 2135; baseline 0 -19"><span class='ocrx_word' id='word_1_169' title='bbox 276 2061 523 2132; x_wconf 74' lang='lat' dir='ltr'>sufficere</span> <span class='ocrx_word' id='word_1_170' title='bbox 552 2080 705 2135; x_wconf 81' lang='lat' dir='ltr'>posse</span> <span class='ocrx_word' id='word_1_171' title='bbox 741 2070 789 2116; x_wconf 83' lang='lat' dir='ltr'>et</span> <span class='ocrx_word' id='word_1_172' title='bbox 835 2062 1021 2116; x_wconf 79' lang='lat' dir='ltr'>debere</span> <span class='ocrx_word' id='word_1_173' title='bbox 1065 2059 1214 2132; x_wconf 84' lang='lat' dir='ltr'>quod</span> <span class='ocrx_word' id='word_1_174' title='bbox 1254 2059 1413 2116; x_wconf 87' lang='lat' dir='ltr'>docet</span> <span class='ocrx_word' id='word_1_175' title='bbox 1465 2060 1712 2115; x_wconf 85' lang='lat' dir='ltr'>Romana</span> <span class='ocrx_word' id='word_1_176' title='bbox 1762 2059 1955 2130; x_wconf 81' lang='lat' dir='ltr'>SedeS,</span> <span class='ocrx_word' id='word_1_177' title='bbox 2003 2059 2193 2135; x_wconf 89' lang='lat' dir='ltr'>procul</span> 
     </span>
     <span class='ocr_line' id='line_1_21' title="bbox 274 2158 1963 2232; baseline -0.001 -17"><span class='ocrx_word' id='word_1_178' title='bbox 274 2159 446 2216; x_wconf 92' lang='lat' dir='ltr'>dubio</span> <span class='ocrx_word' id='word_1_179' title='bbox 492 2160 850 2216; x_wconf 82' lang='lat' dir='ltr'>infallibilem</span> <span class='ocrx_word' id='word_1_180' title='bbox 890 2159 1175 2215; x_wconf 87' lang='lat' dir='ltr'>existimat</span> <span class='ocrx_word' id='word_1_181' title='bbox 1217 2158 1387 2232; x_wconf 86' lang='lat' dir='ltr'>hujus</span> <span class='ocrx_word' id='word_1_182' title='bbox 1439 2158 1589 2215; x_wconf 89' lang='lat' dir='ltr'>sedis</span> <span class='ocrx_word' id='word_1_183' title='bbox 1628 2159 1963 2215; x_wconf 82' lang='lat' dir='ltr'>doctrinam.</span> 
     </span>
    </p>

    <p class='ocr_par' dir='ltr' id='par_1_3' title="bbox 271 2259 2195 2733">
     <span class='ocr_line' id='line_1_22' title="bbox 347 2259 2195 2334; baseline 0.001 -19"><span class='ocrx_word' id='word_1_184' title='bbox 347 2262 404 2315; x_wconf 76' lang='lat'>2⁰</span> <span class='ocrx_word' id='word_1_185' title='bbox 431 2259 716 2334; x_wconf 83' lang='lat' dir='ltr'>Scriptum</span> <span class='ocrx_word' id='word_1_186' title='bbox 761 2260 912 2332; x_wconf 88' lang='lat' dir='ltr'>quod</span> <span class='ocrx_word' id='word_1_187' title='bbox 942 2259 1113 2315; x_wconf 84' lang='lat' dir='ltr'>edidit</span> <span class='ocrx_word' id='word_1_188' title='bbox 1149 2261 1213 2315; x_wconf 83' lang='lat' dir='ltr'>de</span> <span class='ocrx_word' id='word_1_189' title='bbox 1241 2261 1465 2315; x_wconf 80' lang='lat' dir='ltr'>divortio</span> <span class='ocrx_word' id='word_1_190' title='bbox 1498 2260 1759 2331; x_wconf 72' lang='lat' dir='ltr'>Letharii,</span> <span class='ocrx_word' id='word_1_191' title='bbox 1799 2261 1878 2316; x_wconf 90' lang='lat' dir='ltr'>sic</span> <span class='ocrx_word' id='word_1_192' title='bbox 1911 2261 2195 2317; x_wconf 80' lang='lat' dir='ltr'>exorditur</span> 
     </span>
     <span class='ocr_line' id='line_1_23' title="bbox 271 2349 2194 2434; baseline 0.001 -18"><span class='ocrx_word' id='word_1_193' title='bbox 271 2349 606 2424; x_wconf 86' lang='lat' dir='ltr'>Hincmarus</span> <span class='ocrx_word' id='word_1_194' title='bbox 636 2379 645 2410; x_wconf 90' lang='lat'><strong>:</strong></span> <span class='ocrx_word' id='word_1_195' title='bbox 675 2382 700 2411; x_wconf 94' lang='lat'>«</span> <span class='ocrx_word' id='word_1_196' title='bbox 741 2360 815 2415; x_wconf 85' lang='lat' dir='ltr'>De</span> <span class='ocrx_word' id='word_1_197' title='bbox 857 2358 1123 2414; x_wconf 89' lang='lat' dir='ltr'>omnibus</span> <span class='ocrx_word' id='word_1_198' title='bbox 1156 2359 1342 2415; x_wconf 84' lang='lat' dir='ltr'>dubiis</span> <span class='ocrx_word' id='word_1_199' title='bbox 1392 2360 1477 2415; x_wconf 65' lang='lat' dir='ltr'>vel</span> <span class='ocrx_word' id='word_1_200' title='bbox 1515 2360 1795 2431; x_wconf 82' lang='lat' dir='ltr'>obscuris,</span> <span class='ocrx_word' id='word_1_201' title='bbox 1838 2380 1962 2434; x_wconf 81' lang='lat' dir='ltr'>quae</span> <span class='ocrx_word' id='word_1_202' title='bbox 2015 2362 2082 2417; x_wconf 92' lang='lat' dir='ltr'>ad</span> <span class='ocrx_word' id='word_1_203' title='bbox 2113 2379 2194 2417; x_wconf 88' lang='lat' dir='ltr'>rc-</span> 
     </span>
     <span class='ocr_line' id='line_1_24' title="bbox 275 2458 2190 2536; baseline 0.002 -25"><span class='ocrx_word' id='word_1_204' title='bbox 275 2482 302 2512; x_wconf 91' lang='lat'>«</span> <span class='ocrx_word' id='word_1_205' title='bbox 334 2461 508 2516; x_wconf 85' lang='lat' dir='ltr'>dactae</span> <span class='ocrx_word' id='word_1_206' title='bbox 535 2459 663 2515; x_wconf 82' lang='lat' dir='ltr'>fidei</span> <span class='ocrx_word' id='word_1_207' title='bbox 705 2466 959 2515; x_wconf 77' lang='lat' dir='ltr'>tenorem</span> <span class='ocrx_word' id='word_1_208' title='bbox 998 2459 1080 2514; x_wconf 81' lang='lat' dir='ltr'>vel</span> <span class='ocrx_word' id='word_1_209' title='bbox 1108 2458 1332 2533; x_wconf 87' lang='lat' dir='ltr'>pietatis</span> <span class='ocrx_word' id='word_1_210' title='bbox 1373 2460 1631 2533; x_wconf 79' lang='lat' dir='ltr'>dogmata</span> <span class='ocrx_word' id='word_1_211' title='bbox 1662 2460 1964 2536; x_wconf 83' lang='lat' dir='ltr'>pertinent,</span> <span class='ocrx_word' id='word_1_212' title='bbox 2005 2466 2190 2517; x_wconf 84' lang='lat' dir='ltr'>sancta</span> 
     </span>
     <span class='ocr_line' id='line_1_25' title="bbox 275 2559 2191 2634; baseline 0.003 -22"><span class='ocrx_word' id='word_1_213' title='bbox 275 2583 300 2613; x_wconf 89' lang='lat'>«</span> <span class='ocrx_word' id='word_1_214' title='bbox 331 2560 582 2616; x_wconf 87' lang='lat' dir='ltr'>Romana</span> <span class='ocrx_word' id='word_1_215' title='bbox 609 2559 876 2630; x_wconf 83' lang='lat' dir='ltr'>Ecclesia,</span> <span class='ocrx_word' id='word_1_216' title='bbox 917 2565 978 2615; x_wconf 87' lang='lat' dir='ltr'>ut</span> <span class='ocrx_word' id='word_1_217' title='bbox 1014 2559 1273 2615; x_wconf 84' lang='lat' dir='ltr'>omnium</span> <span class='ocrx_word' id='word_1_218' title='bbox 1303 2559 1685 2617; x_wconf 87' lang='lat' dir='ltr'>Ecclesiarum</span> <span class='ocrx_word' id='word_1_219' title='bbox 1708 2566 1889 2617; x_wconf 87' lang='lat' dir='ltr'>mater</span> <span class='ocrx_word' id='word_1_220' title='bbox 1912 2568 1963 2617; x_wconf 91' lang='lat' dir='ltr'>et</span> <span class='ocrx_word' id='word_1_221' title='bbox 1988 2560 2191 2634; x_wconf 80' lang='lat' dir='ltr'>inagis—</span> 
     </span>
     <span class='ocr_line' id='line_1_26' title="bbox 275 2658 2195 2733; baseline 0.003 -23"><span class='ocrx_word' id='word_1_222' title='bbox 275 2680 302 2711; x_wconf 92' lang='lat'>«</span> <span class='ocrx_word' id='word_1_223' title='bbox 331 2666 440 2729; x_wconf 87' lang='lat' dir='ltr'>tra,</span> <span class='ocrx_word' id='word_1_224' title='bbox 470 2658 665 2715; x_wconf 84' lang='lat' dir='ltr'>nutrix</span> <span class='ocrx_word' id='word_1_225' title='bbox 699 2677 762 2714; x_wconf 88' lang='lat' dir='ltr'>ac</span> <span class='ocrx_word' id='word_1_226' title='bbox 792 2658 1031 2731; x_wconf 85' lang='lat' dir='ltr'>doctrix,</span> <span class='ocrx_word' id='word_1_227' title='bbox 1060 2665 1145 2715; x_wconf 87' lang='lat' dir='ltr'>est</span> <span class='ocrx_word' id='word_1_228' title='bbox 1176 2659 1547 2729; x_wconf 86' lang='lat' dir='ltr'>consulenda,</span> <span class='ocrx_word' id='word_1_229' title='bbox 1573 2666 1626 2716; x_wconf 91' lang='grc'>61</span> <span class='ocrx_word' id='word_1_230' title='bbox 1655 2659 1775 2733; x_wconf 89' lang='lat' dir='ltr'>ejus</span> <span class='ocrx_word' id='word_1_231' title='bbox 1805 2660 2056 2716; x_wconf 87' lang='lat' dir='ltr'>salubria</span> <span class='ocrx_word' id='word_1_232' title='bbox 2079 2679 2195 2715; x_wconf 88' lang='lat' dir='ltr'>mo-</span> 
     </span>
    </p>
   </div>
   <div class='ocr_carea' id='block_1_3' title="bbox 2278 623 2294 645">
    <p class='ocr_par' dir='ltr' id='par_1_4' title="bbox 2278 623 2294 645">
     <span class='ocr_line' id='line_1_27' title="bbox 2278 623 2294 645; baseline 0 0"><span class='ocrx_word' id='word_1_233' title='bbox 2278 623 2294 645; x_wconf 58' lang='lat' dir='ltr'>*x</span> 
     </span>
    </p>
   </div>
   <div class='ocr_carea' id='block_1_4' title="bbox 2268 709 2320 935">
    <p class='ocr_par' dir='ltr' id='par_1_5' title="bbox 2268 709 2320 935">
     <span class='ocr_line' id='line_1_28' title="bbox 2268 709 2320 935; baseline 0 0"><span class='ocrx_word' id='word_1_234' title='bbox 2268 709 2320 935; x_wconf 72' lang='lat' dir='ltr'>t</span> 
     </span>
    </p>
   </div>
   <div class='ocr_carea' id='block_1_5' title="bbox 2254 940 2275 1119">
    <p class='ocr_par' dir='ltr' id='par_1_6' title="bbox 2254 940 2275 1119">
     <span class='ocr_line' id='line_1_29' title="bbox 2267 940 2272 947; baseline 0 0"><span class='ocrx_word' id='word_1_235' title='bbox 2267 940 2272 947; x_wconf 70' lang='grc' dir='ltr'>ι</span> 
     </span>
     <span class='ocr_line' id='line_1_30' title="bbox 2271 972 2275 979; baseline 0 0"><span class='ocrx_word' id='word_1_236' title='bbox 2271 972 2275 979; x_wconf 65' lang='grc' dir='ltr'><strong><em>ι</em></strong></span> 
     </span>
     <span class='ocr_line' id='line_1_31' title="bbox 2254 1110 2262 1119; baseline 0 0"><span class='ocrx_word' id='word_1_237' title='bbox 2254 1110 2262 1119; x_wconf 77' lang='lat' dir='ltr'>o</span> 
     </span>
    </p>
   </div>
   <div class='ocr_carea' id='block_1_6' title="bbox 2278 561 2320 646">
    <p class='ocr_par' dir='ltr' id='par_1_7' title="bbox 2278 541 2320 654">
     <span class='ocr_line' id='line_1_32' title="bbox 2278 561 2320 646; baseline 0 -61"><span class='ocrx_word' id='word_1_238' title='bbox 2278 541 2320 646; x_wconf 52' lang='grc' dir='ltr'>Ξ,</span> 
     </span>
    </p>
   </div>
   <div class='ocr_carea' id='block_1_7' title="bbox 274 2757 2270 2832">
    <p class='ocr_par' dir='ltr' id='par_1_8' title="bbox 274 2757 2270 2832">
     <span class='ocr_line' id='line_1_33' title="bbox 274 2757 2270 2832; baseline 0.004 -23"><span class='ocrx_word' id='word_1_239' title='bbox 274 2777 302 2809; x_wconf 89' lang='grc'>«</span> <span class='ocrx_word' id='word_1_240' title='bbox 338 2757 454 2812; x_wconf 85' lang='lat' dir='ltr'>nita</span> <span class='ocrx_word' id='word_1_241' title='bbox 490 2764 624 2813; x_wconf 90' lang='lat' dir='ltr'>sunt</span> <span class='ocrx_word' id='word_1_242' title='bbox 673 2758 968 2813; x_wconf 82' lang='lat' dir='ltr'>tenenda»</span> <span class='ocrx_word' id='word_1_243' title='bbox 1010 2757 1275 2832; x_wconf 83' lang='lat' dir='ltr'>(Operum</span> <span class='ocrx_word' id='word_1_244' title='bbox 1305 2765 1458 2814; x_wconf 91' lang='lat' dir='ltr'>tomo</span> <span class='ocrx_word' id='word_1_245' title='bbox 1490 2759 1552 2827; x_wconf 86' lang='lat' dir='ltr'>II,</span> <span class='ocrx_word' id='word_1_246' title='bbox 1593 2759 1699 2814; x_wconf 93' lang='lat' dir='ltr'>col.</span> <span class='ocrx_word' id='word_1_247' title='bbox 1758 2758 1888 2826; x_wconf 80' lang='lat'>625,</span> <span class='ocrx_word' id='word_1_248' title='bbox 1931 2758 2195 2814; x_wconf 88' lang='lat' dir='ltr'>editionis</span> <span class='ocrx_word' id='word_1_249' title='bbox 2266 2811 2270 2816; x_wconf 86' lang='lat'><em>.</em></span> 
     </span>
    </p>
   </div>
   <div class='ocr_carea' id='block_1_8' title="bbox 271 2854 2194 3129">
    <p class='ocr_par' dir='ltr' id='par_1_9' title="bbox 271 2854 2194 3129">
     <span class='ocr_line' id='line_1_34' title="bbox 271 2854 2194 2930; baseline 0.003 -21"><span class='ocrx_word' id='word_1_250' title='bbox 271 2854 496 2928; x_wconf 87' lang='lat' dir='ltr'>Migne).</span> <span class='ocrx_word' id='word_1_251' title='bbox 547 2856 808 2928; x_wconf 81' lang='lat' dir='ltr'>Agnoscit</span> <span class='ocrx_word' id='word_1_252' title='bbox 851 2857 930 2912; x_wconf 90' lang='lat' dir='ltr'>ibi</span> <span class='ocrx_word' id='word_1_253' title='bbox 966 2857 1304 2913; x_wconf 90' lang='lat' dir='ltr'>llinc1narus</span> <span class='ocrx_word' id='word_1_254' title='bbox 1338 2858 1737 2930; x_wconf 80' lang='lat' dir='ltr'>obligationem</span> <span class='ocrx_word' id='word_1_255' title='bbox 1786 2860 2091 2914; x_wconf 79' lang='lat' dir='ltr'>recurrendi</span> <span class='ocrx_word' id='word_1_256' title='bbox 2125 2859 2194 2914; x_wconf 87' lang='lat' dir='ltr'>ad</span> 
     </span>
     <span class='ocr_line' id='line_1_35' title="bbox 271 2952 2191 3030; baseline 0.003 -23"><span class='ocrx_word' id='word_1_257' title='bbox 271 2952 580 3010; x_wconf 86' lang='lat' dir='ltr'>Romanam</span> <span class='ocrx_word' id='word_1_258' title='bbox 610 2953 917 3009; x_wconf 86' lang='lat' dir='ltr'>Ecclesiam</span> <span class='ocrx_word' id='word_1_259' title='bbox 948 2955 1003 3010; x_wconf 92' lang='lat' dir='ltr'>in</span> <span class='ocrx_word' id='word_1_260' title='bbox 1036 2955 1223 3010; x_wconf 90' lang='lat' dir='ltr'>dubiis</span> <span class='ocrx_word' id='word_1_261' title='bbox 1251 2955 1399 3011; x_wconf 87' lang='lat' dir='ltr'>circa</span> <span class='ocrx_word' id='word_1_262' title='bbox 1423 2956 1705 3028; x_wconf 81' lang='lat' dir='ltr'>dogmata,</span> <span class='ocrx_word' id='word_1_263' title='bbox 1731 2963 1784 3013; x_wconf 91' lang='lat' dir='ltr'>et</span> <span class='ocrx_word' id='word_1_264' title='bbox 1813 2958 2021 3012; x_wconf 79' lang='lat' dir='ltr'>tenendi</span> <span class='ocrx_word' id='word_1_265' title='bbox 2044 2957 2191 3030; x_wconf 91' lang='lat' dir='ltr'>quod</span> 
     </span>
     <span class='ocr_line' id='line_1_36' title="bbox 272 3053 2188 3129; baseline 0.002 -21"><span class='ocrx_word' id='word_1_266' title='bbox 272 3053 464 3109; x_wconf 87' lang='lat' dir='ltr'>eadem</span> <span class='ocrx_word' id='word_1_267' title='bbox 496 3053 740 3110; x_wconf 86' lang='lat' dir='ltr'>Ecclesia</span> <span class='ocrx_word' id='word_1_268' title='bbox 773 3053 1074 3111; x_wconf 78' lang='lat' dir='ltr'>definierit,</span> <span class='ocrx_word' id='word_1_269' title='bbox 1123 3054 1345 3110; x_wconf 86' lang='lat' dir='ltr'>Absona</span> <span class='ocrx_word' id='word_1_270' title='bbox 1383 3063 1570 3111; x_wconf 79' lang='lat' dir='ltr'>autem</span> <span class='ocrx_word' id='word_1_271' title='bbox 1598 3056 1877 3129; x_wconf 88' lang='lat' dir='ltr'>ejusmodi</span> <span class='ocrx_word' id='word_1_272' title='bbox 1902 3056 2188 3129; x_wconf 82' lang='lat' dir='ltr'>obligatio,</span> 
     </span>
    </p>
   </div>
   <div class='ocr_carea' id='block_1_9' title="bbox 269 3151 2244 3213">
    <p class='ocr_par' dir='ltr' id='par_1_10' title="bbox 269 3151 2244 3213">
     <span class='ocr_line' id='line_1_37' title="bbox 269 3151 2244 3213; baseline 0.002 -6"><span class='ocrx_word' id='word_1_273' title='bbox 269 3151 382 3208; x_wconf 89' lang='grc'>0151</span> <span class='ocrx_word' id='word_1_274' title='bbox 408 3151 466 3208; x_wconf 88' lang='grc'>10</span> <span class='ocrx_word' id='word_1_275' title='bbox 495 3151 823 3209; x_wconf 90' lang='lat' dir='ltr'>decidendis</span> <span class='ocrx_word' id='word_1_276' title='bbox 853 3153 1010 3209; x_wconf 88' lang='lat' dir='ltr'>hisce</span> <span class='ocrx_word' id='word_1_277' title='bbox 1028 3153 1218 3210; x_wconf 87' lang='lat' dir='ltr'>dubiis</span> <span class='ocrx_word' id='word_1_278' title='bbox 1235 3153 1554 3212; x_wconf 88' lang='lat' dir='ltr'>infallibilis</span> <span class='ocrx_word' id='word_1_279' title='bbox 1569 3155 1638 3211; x_wconf 89' lang='lat' dir='ltr'>sit</span> <span class='ocrx_word' id='word_1_280' title='bbox 1660 3157 1905 3212; x_wconf 83' lang='lat' dir='ltr'>Romana</span> <span class='ocrx_word' id='word_1_281' title='bbox 1922 3155 2185 3213; x_wconf 88' lang='lat' dir='ltr'>Ecclesia.</span> <span class='ocrx_word' id='word_1_282' title='bbox 2240 3158 2244 3162; x_wconf 75' lang='grc'><em>’</em></span> 
     </span>
    </p>
   </div>
   <div class='ocr_carea' id='block_1_10' title="bbox 268 3250 2186 3726">
    <p class='ocr_par' dir='ltr' id='par_1_11' title="bbox 268 3250 2036 3325">
     <span class='ocr_line' id='line_1_38' title="bbox 268 3250 2036 3325; baseline 0.001 -19"><span class='ocrx_word' id='word_1_283' title='bbox 268 3250 402 3307; x_wconf 89' lang='lat' dir='ltr'>Eam</span> <span class='ocrx_word' id='word_1_284' title='bbox 441 3269 572 3325; x_wconf 89' lang='lat' dir='ltr'>ergo</span> <span class='ocrx_word' id='word_1_285' title='bbox 622 3251 981 3308; x_wconf 85' lang='lat' dir='ltr'>infallibilem</span> <span class='ocrx_word' id='word_1_286' title='bbox 1015 3252 1418 3325; x_wconf 62' lang='lat' dir='ltr'>{equivalenter</span> <span class='ocrx_word' id='word_1_287' title='bbox 1449 3253 1652 3309; x_wconf 89' lang='lat' dir='ltr'>asserit</span> <span class='ocrx_word' id='word_1_288' title='bbox 1678 3253 2036 3310; x_wconf 88' lang='lat' dir='ltr'>Hincmarus.</span> 
     </span>
    </p>

    <p class='ocr_par' dir='ltr' id='par_1_12' title="bbox 269 3348 2186 3726">
     <span class='ocr_line' id='line_1_39' title="bbox 345 3348 2186 3425; baseline -0.001 -19"><span class='ocrx_word' id='word_1_289' title='bbox 345 3348 402 3405; x_wconf 82' lang='lat'>5⁰</span> <span class='ocrx_word' id='word_1_290' title='bbox 433 3350 584 3406; x_wconf 90' lang='lat' dir='ltr'>Idem</span> <span class='ocrx_word' id='word_1_291' title='bbox 617 3349 998 3424; x_wconf 87' lang='lat' dir='ltr'>colligendum</span> <span class='ocrx_word' id='word_1_292' title='bbox 1025 3350 1175 3407; x_wconf 87' lang='lat' dir='ltr'>venit</span> <span class='ocrx_word' id='word_1_293' title='bbox 1208 3370 1275 3407; x_wconf 89' lang='lat' dir='ltr'>ex</span> <span class='ocrx_word' id='word_1_294' title='bbox 1300 3350 1389 3406; x_wconf 90' lang='lat' dir='ltr'>his</span> <span class='ocrx_word' id='word_1_295' title='bbox 1413 3352 1665 3424; x_wconf 87' lang='lat' dir='ltr'>ejusdem</span> <span class='ocrx_word' id='word_1_296' title='bbox 1691 3352 1876 3409; x_wconf 82' lang='lat' dir='ltr'>verbis</span> <span class='ocrx_word' id='word_1_297' title='bbox 1901 3372 1910 3404; x_wconf 93' lang='lat'>:</span> <span class='ocrx_word' id='word_1_298' title='bbox 1942 3373 1969 3404; x_wconf 95' lang='lat'>«</span> <span class='ocrx_word' id='word_1_299' title='bbox 1991 3348 2186 3425; x_wconf 88' lang='lat' dir='ltr'>Sequi-</span> 
     </span>
     <span class='ocr_line' id='line_1_40' title="bbox 272 3450 2184 3526; baseline -0.001 -23"><span class='ocrx_word' id='word_1_300' title='bbox 272 3470 299 3502; x_wconf 88' lang='lat'>«</span> <span class='ocrx_word' id='word_1_301' title='bbox 331 3467 462 3506; x_wconf 91' lang='lat' dir='ltr'>mur</span> <span class='ocrx_word' id='word_1_302' title='bbox 484 3456 672 3506; x_wconf 89' lang='lat' dir='ltr'>autem</span> <span class='ocrx_word' id='word_1_303' title='bbox 709 3469 834 3524; x_wconf 83' lang='lat' dir='ltr'>quae</span> <span class='ocrx_word' id='word_1_304' title='bbox 875 3450 1150 3507; x_wconf 88' lang='lat' dir='ltr'>catholica</span> <span class='ocrx_word' id='word_1_305' title='bbox 1200 3458 1254 3508; x_wconf 93' lang='lat' dir='ltr'>et</span> <span class='ocrx_word' id='word_1_306' title='bbox 1297 3451 1603 3526; x_wconf 89' lang='lat' dir='ltr'>apostolica</span> <span class='ocrx_word' id='word_1_307' title='bbox 1648 3471 1752 3508; x_wconf 89' lang='lat' dir='ltr'>nos</span> <span class='ocrx_word' id='word_1_308' title='bbox 1800 3452 1958 3508; x_wconf 84' lang='lat' dir='ltr'>docet</span> <span class='ocrx_word' id='word_1_309' title='bbox 1993 3454 2184 3507; x_wconf 88' lang='lat' dir='ltr'>sancta</span> 
     </span>
     <span class='ocr_line' id='line_1_41' title="bbox 271 3546 2183 3621; baseline 0.001 -22"><span class='ocrx_word' id='word_1_310' title='bbox 271 3569 299 3599; x_wconf 93' lang='lat'>«</span> <span class='ocrx_word' id='word_1_311' title='bbox 328 3547 576 3605; x_wconf 87' lang='lat' dir='ltr'>Romana</span> <span class='ocrx_word' id='word_1_312' title='bbox 611 3548 852 3606; x_wconf 86' lang='lat' dir='ltr'>Ecclesia</span> <span class='ocrx_word' id='word_1_313' title='bbox 896 3572 924 3603; x_wconf 90' lang='lat'>»</span> <span class='ocrx_word' id='word_1_314' title='bbox 960 3554 1132 3621; x_wconf 84' lang='lat' dir='ltr'>(tomo</span> <span class='ocrx_word' id='word_1_315' title='bbox 1159 3549 1350 3620; x_wconf 75' lang='lat' dir='ltr'>citam,</span> <span class='ocrx_word' id='word_1_316' title='bbox 1385 3551 1492 3606; x_wconf 93' lang='grc'>601.</span> <span class='ocrx_word' id='word_1_317' title='bbox 1526 3549 1645 3620; x_wconf 86' lang='grc'>88).</span> <span class='ocrx_word' id='word_1_318' title='bbox 1679 3550 1834 3615; x_wconf 89' lang='lat' dir='ltr'>Quod</span> <span class='ocrx_word' id='word_1_319' title='bbox 1867 3555 2055 3604; x_wconf 85' lang='lat' dir='ltr'>autern</span> <span class='ocrx_word' id='word_1_320' title='bbox 2098 3546 2183 3601; x_wconf 89' lang='lat' dir='ltr'>in-</span> 
     </span>
     <span class='ocr_line' id='line_1_42' title="bbox 269 3646 1902 3726; baseline 0.002 -28"><span class='ocrx_word' id='word_1_321' title='bbox 269 3646 485 3720; x_wconf 87' lang='lat' dir='ltr'>telligat</span> <span class='ocrx_word' id='word_1_322' title='bbox 509 3648 586 3705; x_wconf 90' lang='lat' dir='ltr'>ita</span> <span class='ocrx_word' id='word_1_323' title='bbox 614 3667 674 3706; x_wconf 89' lang='lat' dir='ltr'>se</span> <span class='ocrx_word' id='word_1_324' title='bbox 699 3667 765 3705; x_wconf 79' lang='lat' dir='ltr'>ex</span> <span class='ocrx_word' id='word_1_325' title='bbox 798 3649 1114 3723; x_wconf 74' lang='lat' dir='ltr'>obliyatione</span> <span class='ocrx_word' id='word_1_326' title='bbox 1141 3667 1307 3726; x_wconf 87' lang='lat' dir='ltr'>agere</span> <span class='ocrx_word' id='word_1_327' title='bbox 1340 3656 1491 3724; x_wconf 91' lang='lat' dir='ltr'>patet</span> <span class='ocrx_word' id='word_1_328' title='bbox 1526 3668 1592 3706; x_wconf 87' lang='lat' dir='ltr'>ex</span> <span class='ocrx_word' id='word_1_329' title='bbox 1619 3654 1902 3706; x_wconf 85' lang='lat' dir='ltr'>contextu.</span> 
     </span>
    </p>
   </div>
  </div>
 </body>
</html>
