2372 4108
898 250 1019 296 PARS
1051 249 1220 295 PRIMA.
1949 248 2008 294 45

116 361 357 431 demque
375 363 628 431 tempore
649 356 979 436 martyrium
1001 354 1263 422 subiisse,
1283 351 1575 431 Dionysius
1592 349 2002 408 Corinthiorum

58 473 65 476 ·
114 455 438 530 EpiscopuS,
483 453 552 508 ad
596 453 874 509 Romanos
923 450 1196 519 scribens,
1234 455 1474 506 testatur
1517 448 1826 524 hisyerbis
1872 470 1884 503 ι
1924 449 2006 504 Ita

131 559 182 607 et
219 570 332 622 vos,
361 551 566 623 inquit,
595 558 744 606 tanta
781 549 1143 630 admonitione
1181 555 1374 617 vestra,
1409 554 1698 603 sementem
1723 565 1839 620 quae
1856 547 2005 603 Petri

113 667 173 705 ac
193 649 345 706 Pauli
374 652 581 706 satione
601 652 945 716 succreverat,
975 644 1238 701 Romanos
1270 645 1470 701 scilicet
1496 653 1547 700 et
1578 645 1900 717 CorinthioS,
1935 647 2008 701 si-

111 747 217 802 mul
251 746 667 802 commiscetis-tic.
701 742 863 799 Ambo
886 744 1026 798 enim
1050 742 1129 797 illi
1159 743 1217 795 in
1245 743 1422 796 urbem
1441 750 1677 797 nostram
1695 744 2006 801 Corinthum

110 847 355 916 inqressi,
389 860 575 916 sparso
616 842 926 914 evanqelicae
959 840 1216 895 doctrinae
1255 840 1457 893 semine
1495 855 1592 893 nos
1637 840 2004 905 instituerunt,-

109 950 159 998 et
185 946 240 998 in
261 942 473 998 Italiam
502 939 747 996 similiter
775 939 992 1014 (ὁμοίως)
1027 937 1277 1010 profecti,
1306 953 1419 991 cum
1465 954 1556 991 vos
1588 928 2001 992 similiterinsti-

109 1041 346 1105 tuissent,
387 1037 566 1092 eodem
593 1043 824 1110 tempore
849 1036 1163 1107 martyrium
1182 1034 1540 1106 pertulerunt.
1575 1055 1601 1084 »

189 1136 245 1191 4⁰
277 1135 334 1191 S.
374 1135 620 1190 IrenaenS.
667 1167 737 1176 —
764 1135 835 1190 De
865 1134 987 1208 ipso
1037 1135 1116 1188 sie
1159 1132 1432 1189 Eusebius
1477 1132 1750 1205 (Historiae
1796 1132 1897 1187 lib.
1940 1131 2003 1202 V,

107 1250 227 1306 cap.
263 1233 314 1304 v)
349 1252 359 1284 :
395 1254 421 1284 «
447 1232 543 1287 llic
571 1233 628 1286 in
658 1231 822 1288 tertio
849 1231 1114 1287 Adversus
1133 1233 1350 1286 haereses
1367 1230 1535 1300 libro,
1563 1230 1825 1285 Romanae
1851 1230 2006 1286 urbis

106 1329 501 1403 Episcoporum
553 1329 751 1385 seriem
806 1346 1125 1398 recensenS,
1158 1328 1216 1382 in
1262 1328 1581 1397 EleutherO,
1637 1328 1800 1401 cujus
1855 1347 2006 1383 nunc

114 1431 362 1500 tempora
395 1444 456 1481 ac
489 1444 577 1482 res
608 1431 789 1497 gestas
822 1425 1188 1497 inquirimus,
1218 1424 1385 1479 finem
1405 1425 1772 1480 enumerandi
1800 1425 1950 1480 facit.
1977 1447 2004 1478 »

114 1523 302 1578 Postea
329 1524 459 1577 citat
486 1522 760 1577 Eusebius
787 1523 903 1575 haec
932 1521 1123 1575 Irenaei
1165 1522 1330 1576 verba
1363 1542 1373 1572 ε
1413 1520 1651 1576 Fundam
1675 1523 1783 1592 jam
1807 1529 1856 1575 et
1880 1523 2008 1576 aedi-

112 1623 266 1692 ficata
293 1620 544 1686 Ecclesia,
576 1617 1100 1689 beatissimiApostoli
1124 1620 1452 1690 episcopatus
1476 1619 1705 1689 officium
1736 1618 1860 1673 Lino
1895 1626 2003 1674 tra-

113 1715 428 1769 diderunt...
454 1714 585 1768 Huic
609 1714 856 1766 successit
879 1710 1181 1766 Anacletus.
1223 1713 1349 1766 Post
1381 1730 1532 1783 quem
1571 1716 1726 1766 tertio
1754 1716 1814 1768 ab
1839 1715 2004 1786 Apos-

112 1810 232 1864 tolis
264 1808 374 1864 loco
399 1809 766 1879 Pontificatum
793 1810 1010 1862 sortitus
1037 1815 1116 1862 est
1135 1808 1395 1875 Clemens,
1431 1813 1537 1863 ete.
1575 1808 1661 1862 Sic
1686 1815 1873 1864 autem
1907 1812 2004 1865 ha-

113 1906 273 1961 betur
298 1905 357 1959 in
380 1923 544 1979 opere
564 1904 740 1960 sancti
764 1903 956 1959 Irenaei
980 1903 1178 1960 Contra
1199 1905 1440 1974 haeresae33,
1468 1904 1613 1960 libro
1635 1905 1722 1975 Ill,
1758 1917 1883 1981 cap.
1917 1927 1999 1960 111:

113 2026 140 2057 «
192 2005 466 2060 Habemus
509 2021 880 2059 annumerare
908 2021 1000 2058 eos
1044 2002 1141 2074 qui
1168 2003 1235 2057 ab
1275 2002 1554 2076 Apostolis
1593 2003 1840 2060 instituti
1869 2012 1997 2061 sunt

109 2102 359 2175 Episcopi
402 2101 459 2155 in
496 2100 756 2156 Ecclesiis
784 2106 835 2156 et
878 2117 1227 2154 successores
1269 2117 1463 2154 eorum
1496 2118 1677 2172 usque
1720 2101 1787 2155 ad
1828 2120 1999 2158 nos...

110 2197 212 2254 Sed
238 2199 502 2270 quoniam
524 2198 680 2253 valde
707 2198 936 2269 longum
965 2202 1046 2252 est
1074 2196 1133 2250 in
1161 2198 1265 2251 hoe
1293 2197 1389 2251 tali
1429 2198 1715 2253 volumine
1743 2200 1998 2254 omnium

109 2294 475 2350 Ecelesiarum
509 2313 836 2350 enumerare
872 2294 1274 2362 successiones,
1329 2295 1587 2350 maximae
1631 2302 1680 2351 et
1724 2298 2002 2370 antiquis-

112 2392 265 2446 simae
282 2399 332 2447 et
347 2393 609 2448 omnibus
627 2393 881 2464 cognitae,
904 2411 935 2446 α.
952 2392 1346 2463 yloriosissimis
1365 2393 1565 2447 (luobus
1580 2396 1832 2466 apostolis
1843 2396 2002 2451 Petro

114 2495 162 2542 et
192 2487 356 2541 Paulo
380 2487 555 2541 Romae
580 2487 810 2555 fundatae
838 2497 886 2542 et
906 2491 1188 2543 constitutae
1205 2489 1478 2558 Ecclesiee,
1501 2508 1621 2544 eam
1649 2509 1818 2562 quam
1842 2492 2003 2545 habet.

113 2583 179 2637 ab
214 2582 487 2656 Apostolis
530 2581 884 2637 traditionem
919 2588 970 2637 et
1003 2584 1396 2638 annuntiatam
1445 2585 1770 2639 hominibus
1811 2586 1999 2654 fidem,

115 2697 211 2753 per
248 2679 627 2736 successiones
661 2678 1058 2752 Episcoporum
1103 2679 1518 2751 pervenientem
1562 2699 1743 2752 usque
1775 2683 1843 2737 ad
1877 2701 1999 2752 nos,

116 2776 443 2846 indicanteS,
482 2798 508 2827 »
551 2782 655 2831 ete.
687 2774 879 2846 Igitur,
909 2780 1047 2830 teste
1071 2774 1296 2844 Irena20,
1334 2775 1575 2830 Ecclesia
1603 2779 1846 2834 Romana
1875 2780 2001 2834 fun-

113 2872 238 2928 data
270 2879 351 2927 est
379 2874 446 2928 ab
473 2872 736 2947 apostolis
762 2871 916 2926 Petro
944 2877 995 2926 et
1026 2871 1210 2927 Paulo,
1242 2872 1359 2926 Non
1399 2879 1585 2929 autem
1614 2875 1682 2929 ab
1709 2875 1846 2949 ipsis
1876 2877 2000 2932 sun-

114 2968 238 3024 data
265 2970 564 3038 diceretur,
586 2969 694 3022 nisi
715 2968 817 3040 ipsi
836 2967 1020 3021 Romae
1046 2967 1211 3023 fidem
1234 2968 1648 3042 praedicassent,
1680 2989 1742 3026 ac
1765 2973 2000 3045 proinde

112 3065 340 3121 Romam
369 3067 670 3139 aliquando
705 3066 1090 3121 incoluissent.

189 3162 243 3215 5⁰
268 3163 501 3219 Clemens
523 3163 931 3219 Alexandrinus.
965 3193 1033 3202 —-
1063 3161 1315 3235 Loquens
1343 3164 1408 3220 de
1433 3164 1709 3222 Clemente
1735 3173 1785 3222 et
1810 3166 1996 3238 Papia,

114 3259 245 3313 dicit
277 3259 546 3315 Eusebius
570 3259 841 3331 (Historiae
866 3259 962 3314 lib.
994 3260 1058 3329 ll,
1089 3278 1210 3334 cap.
1233 3260 1324 3331 15)
1360 3283 1370 3315 :
1407 3282 1433 3313 ι(
1462 3262 1628 3317 Porro
1651 3262 1814 3316 Marci
1841 3262 1996 3315 men*

114 3355 319 3410 tionem
363 3355 481 3410 fieri
522 3355 678 3410 aiunt
717 3374 746 3410 a
776 3355 930 3411 Petro
975 3355 1033 3410 in
1075 3356 1259 3429 priore
1307 3356 1560 3430 epistola,
1608 3374 1778 3427 quam
1819 3356 2002 3412 Romae

113 3454 365 3524 scriptam
394 3469 513 3507 esse
541 3452 909 3508 contendunt.
933 3474 960 3504 »
979 3452 1041 3506 Et
1069 3470 1179 3523 quo
1204 3453 1324 3508 loco
1344 3453 1398 3507 id
1417 3453 1718 3508 asseruerit
1748 3453 1998 3510 Clemens

114 3547 518 3602 Alexandrinus
561 3548 842 3603 indicatur
868 3548 936 3603 ab
966 3547 1203 3603 Eusebio
1232 3548 1319 3602 his
1346 3548 1527 3603 verbis
1563 3569 1573 3601 :
1608 3549 1911 3605 «Refertur
1939 3549 1996 3604 id

116 3661 145 3698 a
165 3644 441 3701 Clemente
467 3646 525 3700 in
557 3651 709 3702 sexto
740 3647 1131 3701 Institutionum
1167 3644 1327 3699 libro.
1367 3668 1392 3695 »
