2320 4010
347 196 434 256 188
1023 199 1316 246 TRACTATUS
1347 200 1419 250 Da
1442 199 1591 247 PAPA.

347 315 406 370 in
431 313 610 370 Africa
647 307 1110 376 constitutorum,
1168 305 1268 379 qui
1324 305 1441 379 jam
1505 305 1573 361 de
1609 303 1724 360 illis
1770 303 2168 378 judicaverunt
2209 310 2262 365 et

341 429 536 468 eorum
561 404 965 464 conscientiam
998 404 1197 462 multis
1222 403 1562 461 delictorum
1584 402 1805 476 laqueis
1831 399 2090 458 vinctam'
2111 403 2262 477 judi-

339 510 412 565 cii
441 508 530 564 sui
558 523 741 581 nuper
770 506 1044 579 gravitate
1074 494 1437 562 damnarunt.
1472 505 1597 561 Jam
1617 521 1789 561 causa
1815 521 2014 560 eorum
2042 505 2260 579 cognita

335 613 422 664 est
451 629 461 661 :
490 607 607 682 jam
657 607 726 664 de
765 607 846 664 eis
894 607 1045 664 dicta
1096 606 1378 664 sententia
1433 611 1517 663 est
1545 630 1555 674 ;
1585 623 1687 662 nec
1723 622 1976 662 censurae
2003 605 2264 679 congruit

329 706 689 764 sacerdotum
720 707 951 763 mobilis
986 712 1156 780 atque
1180 706 1563 763 inconstantis
1602 705 1788 761 animi·
1814 705 2039 763 levitate
2072 723 2263 780 repre-

334 807 506 864 hendi
538 829 566 861 »
613 807 1008 879 (Conciliorum
1035 807 1212 864 Labbe
1242 812 1391 863 tomo
1414 807 1456 878 Ι,
1481 806 1590 862 col.
1615 805 1726 862 698
1751 810 1806 863 et
1832 806 1964 876 699,
1997 806 2131 863 edit.
2168 806 2264 862 Pa-

332 907 509 977 risiiS‚
529 908 718 981 1671).
740 907 866 963 Fuit
886 926 1019 982 ergo
1036 905 1487 981 sanctiCypriani
1509 905 1788 974 doctrina,
1815 923 1928 961 non
1949 905 2069 961 dari
2087 925 2116 962 a
2137 923 2262 967 sen-

332 1008 534 1065 tentiis
561 1008 938 1066 conciliorum
968 1008 1037 1065 ad
1065 1008 1387 1064 Romanum
1417 1007 1752 1082 Episcopum
1798 1007 2259 1083 appellationem.

411 1108 720 1182 Respondeo
749 1109 843 1165 1⁰:
878 1107 1035 1172 Quod
1076 1112 1312 1164 sanctus
1367 1106 1683 1181 Cyprianus
1731 1106 2016 1180 legitimas
2068 1107 2259 1164 existi-

336 1209 572 1264 maverit
621 1207 1029 1283 appellationes
1075 1207 1143 1263 ad
1189 1207 1509 1263 Romanum
1563 1206 1914 1279 Pontificem,
1971 1212 2262 1264 testantur

334 1308 684 1382 supracitata
708 1308 829 1381 ejus
855 1308 1024 1363 verba
1053 1307 1121 1363 de
1145 1306 1410 1379 Basilide,
1433 1306 1532 1379 qui
1566 1307 1850 1363 sententia
1874 1306 2132 1385 synodali
2172 1306 2264 1363 de-

333 1407 551 1482 positus
597 1406 655 1462 in
692 1407 960 1482 Hispania
1008 1407 1215 1477 fuerat,
1250 1412 1301 1462 et
1336 1423 1505 1478 quem
1539 1405 1859 1480 Stephanus
1906 1407 2077 1481 Papa,
2107 1406 2262 1462 frau-

344 1507 512 1563 dibus
545 1507 834 1582 deceptuS,
872 1507 929 1562 in
963 1507 1293 1583 episcopatu
1332 1525 1435 1562 suo
1483 1505 1832 1564 restituerat.
1860 1507 1997 1563 Nam
2025 1507 2262 1582 ipsemet

342 1609 654 1685 Cyprianus
704 1609 912 1666 factam
960 1628 989 1665 a
1033 1608 1277 1664 Basilide
1325 1606 1763 1683 appellationem
1813 1607 1892 1664 sic
1938 1614 2256 1665 memorat:

346 1732 371 1761 «
400 1709 638 1765 Romam
688 1727 928 1783 pergens
958 1708 1313 1782 Stephanum
1360 1706 1634 1779 collegam
1669 1712 2006 1765 nostrum...
2037 1707 2258 1781 fefellit,

339 1816 402 1865 ut
418 1808 728 1865 exambiret
755 1811 939 1881 reponi
960 1810 1009 1862 in
1042 1810 1399 1880 episcopatum
1431 1805 1499 1862 de
1525 1824 1638 1878 quo
1665 1807 1846 1863 fuerat
1860 1808 2013 1881 juste
2041 1809 2259 1884 deposi-

337 1892 494 1962 t'uS.»
525 1906 719 1962 Postea
745 1924 872 1962 vero
899 1911 959 1962 ut
991 1904 1249 1961 ostendat
1281 1922 1404 1960 eam
1432 1903 1851 1961 restitutionem
1870 1904 2117 1962 validam
2146 1925 2260 1962 non

338 2025 498 2079 esse,
547 2006 903 2064 solummodo
963 2005 1241 2061 rationem
1285 2003 1521 2076 allegat,
1576 2003 1727 2076 quod
1771 2006 2048 2077 obreptitie
2090 2005 2260 2063 fuerit

337 2111 572 2163 extorta.
634 2106 881 2179 «Neque
919 2104 1070 2161 enim
1102 2111 1220 2161 tam
1257 2102 1578 2178 culpandus
1627 2108 1710 2158 est
1763 2101 1863 2158 ille
1889 2102 2256 2177 (Stephanus)

335 2205 425 2261 cui
440 2204 788 2278 negligenter
807 2204 1106 2278 obreptum
1128 2209 1231 2272 est,
1254 2220 1426 2275 quam
1448 2200 1540 2256 hic
1561 2199 2253 2275 execrandusfflasilides),

334 2306 429 2378 qui
461 2304 856 2361 fraudulenter
886 2302 1194 2377 obrepsit.»
1212 2301 1266 2356 Si
1283 2301 1663 2357 existimasset
1678 2300 1991 2376 Cyprianus
2007 2301 2253 2358 Romano

331 2404 583 2461 Pontifici
595 2405 690 2479 jus
703 2423 816 2459 non
844 2408 1163 2477 competere
1184 2400 1587 2476 appellationes
1620 2399 1899 2476 ejusmodi
1923 2400 2254 2476 recipiendi,

332 2520 468 2559 sane
500 2509 627 2559 ante
654 2502 845 2559 omnia
880 2501 1110 2556 dixisset
1140 2518 1254 2555 non
1273 2499 1458 2555 valere
1478 2499 1819 2575 sententiam
1852 2517 1964 2572 qua
1990 2499 2257 2555 Basilides

330 2602 629 2659 restitutus
676 2602 734 2657 in
787 2602 1113 2678 episcopatu
1148 2599 1355 2670 suerat,
1384 2618 1450 2655 ex
1478 2598 1698 2655 defectu
1727 2599 2021 2674 potestatis
2043 2599 2100 2653 in
2128 2617 2255 2673 pro-

330 2702 666 2768 nuntiante3
705 2720 767 2757 ac
813 2701 1164 2775 Stephanum
1206 2699 1414 2774 Papam
1463 2697 1846 2771 redarguisset
1903 2696 2054 2770 quod
2098 2697 2255 2753 inde-

330 2799 448 2854 bite
465 2801 612 2854 hanc
638 2800 747 2855 sibi
784 2801 1216 2874 praerogativam
1248 2804 1606 2872 usurpasset.
1658 2798 1839 2872 igitur
1882 2797 2019 2852 dum
2070 2796 2253 2852 solum

331 2895 536 2968 allegat
581 2897 898 2969 obreptionis
939 2896 1164 2964 vitium,
1207 2897 1476 2968 supponit
1495 2896 1780 2951 Romanos
1810 2894 2104 2951 Pontifices
2136 2913 2256 2952 esse

326 2993 611 3067 legitimos
646 2993 1093 3068 appellationum
1140 2993 1386 3066 judices.
1433 2993 1552 3047 Cun
1600 3011 1728 3066 ergo
1755 2993 1886 3048 inde
1915 2997 2067 3049 certo
2091 2993 2253 3050 inno-

327 3097 504 3149 tescat
529 3091 790 3167 Cypriani
815 3093 920 3147 hac
945 3091 1012 3148 de
1054 3109 1114 3147 re
1146 3091 1430 3162 doctrina,
1487 3091 1713 3148 etiamsi
1757 3092 2094 3166 ambiguum
2115 3094 2253 3167 quid

327 3190 387 3245 in
419 3190 634 3263 objecto
661 3195 821 3247 textu
850 3190 1216 3265 reperiretur,
1245 3190 1472 3246 deberet
1487 3190 1645 3264 juxta
1665 3195 1859 3247 notam
1887 3190 2069 3266 ipsius
2094 3211 2250 3249 men-

324 3295 439 3345 tem
471 3289 695 3364 exponi.

403 3389 714 3463 Respondeo
766 3389 822 3444 2⁰
855 3410 865 3442 z
917 3388 1099 3446 Potest
1144 3390 1305 3445 locus
1349 3389 1549 3464 exponi
1584 3390 1689 3446 hoc
1728 3407 1900 3446 sensu
1947 3410 1957 3443 ε
1997 3389 2116 3445 Non
2150 3408 2247 3446 ne-

328 3492 416 3560 gat
465 3492 697 3544 sanctus
726 3487 1041 3564 Cyprianus
1071 3488 1167 3562 jus
1208 3488 1450 3545 Romani
1479 3487 1764 3544 Pontificis
1806 3505 2039 3543 causam
2086 3488 2244 3545 illam

329 3584 388 3638 in
421 3587 596 3658 gradu
630 3588 1027 3662 appellationis
1071 3588 1403 3662 judicandi;
1463 3588 1559 3644 sed
1603 3591 1767 3659 negat
1800 3585 1857 3641 id
1885 3590 2156 3662 eoepedire,
2183 3589 2242 3646 in

333 3697 466 3737 casu
496 3686 780 3757 praesenti,
809 3690 862 3743 et
893 3686 1133 3763 probare
1164 3685 1452 3744 contendit
1478 3683 1638 3741 valde
1663 3683 1926 3740 nocivum
1947 3686 2086 3744 sore.
