2372 4108
342 263 430 314 108
913 236 916 238 ’
1013 255 1311 304 TRAcrATUs
1341 255 1408 303 DE
1438 256 1582 308 PAPA.

342 372 449 430 ool.
482 371 613 442 749,
637 369 770 425 edit.
792 362 1042 434 Parisiis,
1070 362 1267 434 1721).
1296 362 1474 437 Igitur
1497 361 1651 421 teste
1661 363 1986 422 Innocentio
2019 367 2061 438 l,
2094 365 2256 423 cleri-

341 487 537 526 corum
572 473 623 523 et
650 465 1053 540 Episcoporum
1092 481 1277 520 causae
1306 463 1602 520 terminari
1628 463 1904 521 debebant
1948 484 1979 521 a
2017 465 2257 522 coneilio

341 562 691 642 provinciali,
721 580 823 619 nec
853 557 1109 637 poterant
1138 561 1206 619 ad
1238 562 1474 620 alterius
1505 562 1808 638 provinciae
1833 562 2134 638 Episcopos
2164 563 2257 621 de-

340 663 491 719 ferri.
525 662 632 720 Sed
663 663 731 719 ab
759 664 864 719 hac
882 663 1263 739 prohibitione
1290 663 1535 720 adeundi
1563 663 1806 720 aliarum
1838 663 2257 739 provinciarum
2342 732 2345 734 ,

339 761 645 838 Episcopos
682 762 963 838 excipitur
1005 763 1239 820 Ecclesia
1278 763 1557 830 Romana;
1603 768 1654 820 et
1689 763 1898 819 dicitur
1925 762 1994 819 ad
2023 780 2146 818 eam
2183 781 2262 820 re-

340 862 494 918 curri
521 880 686 938 posse
714 865 766 918 in
802 864 1041 919 omnibus
1075 866 1270 920 causta.
1304 863 1471 920 Porro
1510 865 1616 920 hoc
1647 863 1796 919 idem
1837 869 1918 920 est
1948 882 2010 920 ac
2050 863 2257 936 dicere,

340 959 535 1017 Sedem
567 962 877 1019 Romanam
905 980 1027 1020 esse
1054 981 1388 1039 supremum
1410 964 1662 1020 tribunal
1695 964 1764 1020 ad
1787 963 1940 1037 quod
1960 982 2182 1038 semper
2209 971 2257 1021 et

341 1058 399 1115 in
431 1061 617 1118 causis
645 1061 912 1118 omnibus
938 1067 1091 1138 patet
1120 1063 1188 1119 ab
1216 1062 1461 1119 aliorum
1496 1062 1885 1136 quorumlibet
1910 1061 2144 1136 judiciis
2173 1081 2262 1138 ap-

340 1159 599 1233 pellatio;
633 1162 783 1234 quod
826 1162 976 1220 idem
1025 1169 1107 1220 est
1161 1181 1224 1220 ac
1256 1163 1675 1238 jurisdictionis
1718 1162 2028 1238 primatum
2074 1162 2125 1218 ei
2165 1162 2260 1218 ad·-

339 1259 606 1316 seribere.

418 1357 508 1413 11.
558 1381 585 1410 «
628 1358 681 1415 Si
715 1360 955 1434 majores
981 1378 1166 1417 causae
1205 1361 1262 1416 in
1301 1361 1553 1418 medium
1597 1361 1807 1418 fuerint
1860 1359 2158 1431 devolutae,
2194 1362 2262 1416 ad

337 1456 533 1513 Sedem
555 1459 952 1532 Apostolicam,
985 1459 1130 1516 sicut
1151 1460 1399 1535 synodus
1429 1460 1626 1516 statuit
1646 1467 1698 1517 et
1721 1461 1883 1517 beata
1914 1459 2263 1515 consuetudo

338 1555 533 1628 exigit,
564 1562 686 1631 post
714 1558 999 1631 judicium
1028 1558 1345 1634 episcopale
1372 1559 1694 1614 referantur
1717 1579 1744 1610 »
1784 1557 2260 1631 (ibid.).Scilicet,

339 1657 523 1730 quoad
551 1675 750 1715 causas
784 1660 1049 1734 majoreS‚
1096 1659 1449 1716 definitivum
1483 1678 1593 1715 non
1624 1666 1707 1716 est
1742 1659 2025 1733 judicium
2053 1658 2265 1734 episco-

338 1758 486 1831 pale,
518 1759 613 1813 sed
642 1759 758 1815 sola
782 1760 949 1816 Sedes
973 1761 1291 1835 Apostoliea
1318 1779 1412 1816 eas
1436 1759 1744 1816 terminare
1775 1766 1979 1834 potest.
2008 1760 2066 1814 Id
2094 1778 2260 1835 porro

331 1855 745 1928 jurisdictionis
773 1858 1083 1933 primatum
1113 1859 1375 1916 adstruit.

362 1971 367 1976 ·
412 1955 504 2010 12.
550 1955 754 2013 Notatu
794 1958 1076 2034 praecipue
1105 1958 1339 2032 dignum
1371 1959 1518 2032 quod
1564 1957 1674 2032 egit
1720 1958 2161 2033 S.ln110centius
2199 1958 2256 2014 in

335 2072 505 2111 causa
529 2056 581 2112 S.
610 2057 1010 2134 Chrysostomi.
1040 2059 1090 2115 Is
1119 2079 1148 2115 a
1173 2059 1483 2134 Theophilo
1509 2057 1886 2114 Alexandrino
1909 2057 2254 2129 Patriarcha,

335 2153 639 2228 instigante
654 2156 903 2214 Eudoxia
926 2163 1198 2234 Augusta,
1222 2167 1273 2216 et
1290 2159 1619 2215 connivente
1638 2158 1870 2214 Arcadio
1893 2158 2255 2233 imperatore,

336 2253 627 2330 depositus
659 2257 841 2315 fuerat
870 2266 922 2315 et
951 2259 1009 2314 in
1034 2259 1199 2315 exilio
1229 2259 1378 2315 diem
1403 2267 1718 2315 extremum
1751 2241 2048 2316 clauserat.
2082 2258 2261 2335 Scrip-

333 2355 470 2412 sitS.
494 2357 853 2415 Innocentius
873 2359 941 2415 ad
962 2360 1361 2435 imperatorem
1392 2360 1694 2416 Arcadium
1722 2382 1731 2414 :
1767 2382 1793 2413 «
1819 2362 1931 2417 Vox
1963 2360 2258 2434 sanguinis

332 2455 524 2513 fratris
549 2458 661 2514 mei
696 2458 925 2515 Joannis
954 2461 1159 2518 clamat
1192 2461 1261 2517 ad
1286 2461 1460 2516 Deum
1489 2469 1683 2518 contra
1704 2468 1781 2532 te,
1813 2480 1843 2517 o
1869 2461 2251 2536 imperator...

332 2554 493 2612 Orbis
519 2559 622 2614 sub
646 2559 763 2615 sole
790 2566 941 2617 totus
973 2561 1041 2617 ad
1082 2562 1381 2619 orbitatem
1416 2563 1681 2620 redactus
1727 2570 1832 2633 est,
1866 2562 1983 2619 viro
2015 2568 2133 2619 tam
2173 2561 2257 2616 di-

334 2654 461 2711 vino
491 2657 721 2728 amisso,
759 2660 1126 2734 persuasione
1161 2661 1334 2717 unius
1365 2660 2018 2736 mulierisOEudoxiae)...
2048 2660 2251 2715 Verum

336 2755 571 2829 excipiet
603 2758 700 2814 illa
729 2764 782 2814 et
808 2767 1140 2834 praesentem
1184 2760 1276 2816 hie
1312 2778 1539 2836 poenam
1584 2767 1635 2817 et
1672 2760 1933 2816 futurum
1965 2757 2258 2833 sempiter-
2300 2819 2308 2823 ,

335 2870 474 2908 num
505 2857 874 2929 supplicium,
905 2877 1016 2913 non
1045 2867 1169 2933 post
1193 2860 1404 2915 multos
1439 2860 1606 2916 hosce
1634 2859 1753 2915 dies
1790 2859 1839 2915 ei
1878 2858 2252 2915 adveniens..

335 2950 530 3023 Itaque
559 2970 658 3024 ego
691 2953 966 3010 minimus
999 2963 1050 3011 et
1083 2963 1363 3029 peccator,
1386 2957 1479 3012 cui
1510 2958 1750 3012 thronus
1777 2956 1968 3027 magni
2004 2955 2256 3030 Apostoli

333 3047 479 3105 Petri
502 3050 751 3107 creditus
784 3058 888 3121 est,
920 3069 1150 3131 segrego
1170 3058 1224 3108 te
1257 3059 1310 3108 et
1338 3052 1496 3108 illam
1541 3071 1571 3107 a
1607 3051 1950 3127 perfectione
1986 3051 2257 3108 immacu-

334 3147 580 3203 latorum
624 3149 1022 3224 mysteriorum
1067 3150 1270 3206 Christi
1298 3150 1394 3206 Dei
1432 3149 1634 3206 nostri.
1696 3149 2034 3224 Episcopum
2073 3149 2245 3206 etiam

335 3263 560 3302 omnem
593 3252 687 3302 aut
729 3246 1001 3304 clericum
1035 3248 1133 3321 qui
1161 3243 1562 3306 administrare
1596 3254 1693 3304 aut
1722 3248 1983 3304 exhibere
2005 3267 2068 3305 ea
2095 3248 2252 3305 vobis

335 3362 508 3400 ausus
535 3344 728 3417 fuerit,
773 3346 842 3402 ab
874 3347 1130 3418 eahora,
1163 3366 1274 3421 qua
1302 3354 1605 3423 praesentes
1626 3348 1840 3405 vinculi
1869 3349 1982 3405 mei
2005 3348 2253 3422 legeritis

334 3443 575 3516 litteraS,
619 3446 890 3522 dignitate
924 3467 1026 3504 sua
1061 3448 1337 3506 decidisse
1365 3450 1674 3508 decerno...
1709 3450 2025 3519 Arsacium,
2075 3467 2244 3521 quem

339 3562 436 3616 pro
497 3565 699 3621 magno
746 3549 958 3605 Joanne
1000 3549 1056 3605 in
1111 3552 1383 3607 thronum
1448 3550 1824 3627 episcopalem
1878 3546 2248 3623 produxistiS,

339 3639 507 3695 etiam
558 3645 937 3717 post.obitum
989 3654 1447 3721 exauctoramus,
1490 3667 1603 3705 una
1654 3665 1784 3702 oum
1830 3645 2095 3702 omnibus
2150 3647 2249 3720 qui

341 3738 596 3795 consulto
633 3760 762 3798 curn
807 3762 871 3801 eo
908 3747 1403 3804 communicarunt
1444 3744 1800 3821 EpiscopiS...
1839 3743 1919 3799 Ad
1953 3744 2249 3818 Theophili
