<?xml version="1.0" encoding="UTF-8"?>
<!DOCTYPE html PUBLIC "-//W3C//DTD XHTML 1.0 Transitional//EN"
    "http://www.w3.org/TR/xhtml1/DTD/xhtml1-transitional.dtd">
<html xmlns="http://www.w3.org/1999/xhtml" xml:lang="en" lang="en">
 <head>
  <title>
</title>
<meta http-equiv="Content-Type" content="text/html;charset=utf-8" />
  <meta name='ocr-system' content='tesseract 3.04.00' />
  <meta name='ocr-capabilities' content='ocr_page ocr_carea ocr_par ocr_line ocrx_word'/>
</head>
<body>
  <div class='ocr_page' id='page_1' title='image "a548470101bouiuoft_0082.png"; bbox 0 0 2372 4108; ppageno 0'>
   <div class='ocr_carea' id='block_1_1' title="bbox 302 234 2258 2981">
    <p class='ocr_par' dir='ltr' id='par_1_1' title="bbox 302 234 2239 1504">
     <span class='ocr_line' id='line_1_1' title="bbox 303 234 1542 294; baseline -0.013 -1"><span class='ocrx_word' id='word_1_1' title='bbox 303 247 360 294; x_wconf 80' lang='lat'>79.</span> <span class='ocrx_word' id='word_1_2' title='bbox 967 234 1267 283; x_wconf 78' lang='lat' dir='ltr'><strong>TRACTATUS</strong></span> <span class='ocrx_word' id='word_1_3' title='bbox 1299 235 1365 279; x_wconf 86' lang='lat' dir='ltr'>DE</span> <span class='ocrx_word' id='word_1_4' title='bbox 1396 234 1542 279; x_wconf 83' lang='lat' dir='ltr'>PAPA.</span> 
     </span>
     <span class='ocr_line' id='line_1_2' title="bbox 302 338 2215 417; baseline -0.007 -7"><span class='ocrx_word' id='word_1_5' title='bbox 302 354 454 410; x_wconf 88' lang='lat' dir='ltr'>rium</span> <span class='ocrx_word' id='word_1_6' title='bbox 480 371 510 408; x_wconf 93' lang='lat' dir='ltr'>a</span> <span class='ocrx_word' id='word_1_7' title='bbox 537 352 682 406; x_wconf 90' lang='lat' dir='ltr'>dicta</span> <span class='ocrx_word' id='word_1_8' title='bbox 708 342 1041 417; x_wconf 89' lang='lat' dir='ltr'>triumphali</span> <span class='ocrx_word' id='word_1_9' title='bbox 1080 340 1395 397; x_wconf 83' lang='lat' dir='ltr'>Beatissimi</span> <span class='ocrx_word' id='word_1_10' title='bbox 1421 339 1570 395; x_wconf 90' lang='lat' dir='ltr'>Petri</span> <span class='ocrx_word' id='word_1_11' title='bbox 1608 340 1889 415; x_wconf 82' lang='lat' dir='ltr'>passione.</span> <span class='ocrx_word' id='word_1_12' title='bbox 1929 340 2090 396; x_wconf 82' lang='lat' dir='ltr'>Extat</span> <span class='ocrx_word' id='word_1_13' title='bbox 2115 338 2215 396; x_wconf 93' lang='lat' dir='ltr'>do-</span> 
     </span>
     <span class='ocr_line' id='line_1_3' title="bbox 304 436 2216 512; baseline -0.008 -5"><span class='ocrx_word' id='word_1_14' title='bbox 304 451 444 506; x_wconf 91' lang='lat' dir='ltr'>mini</span> <span class='ocrx_word' id='word_1_15' title='bbox 476 443 742 504; x_wconf 87' lang='lat' dir='ltr'>Bartolini</span> <span class='ocrx_word' id='word_1_16' title='bbox 770 439 1089 497; x_wconf 79' lang='lat' dir='ltr'>dissertatio</span> <span class='ocrx_word' id='word_1_17' title='bbox 1120 439 1179 494; x_wconf 91' lang='lat' dir='ltr'>in</span> <span class='ocrx_word' id='word_1_18' title='bbox 1226 437 1555 495; x_wconf 77' lang='lat' dir='ltr'>collectione</span> <span class='ocrx_word' id='word_1_19' title='bbox 1597 436 1881 512; x_wconf 85' lang='lat' dir='ltr'>periodica</span> <span class='ocrx_word' id='word_1_20' title='bbox 1920 438 2094 494; x_wconf 83' lang='lat' dir='ltr'>Revue</span> <span class='ocrx_word' id='word_1_21' title='bbox 2125 437 2216 493; x_wconf 84' lang='lat' dir='ltr'>des</span> 
     </span>
     <span class='ocr_line' id='line_1_4' title="bbox 303 536 2221 612; baseline -0.009 -7"><span class='ocrx_word' id='word_1_22' title='bbox 303 552 533 606; x_wconf 78' lang='lat' dir='ltr'>sciences</span> <span class='ocrx_word' id='word_1_23' title='bbox 582 539 1000 612; x_wconf 70' lang='lat' dir='ltr'>ecclesiastiques</span> <span class='ocrx_word' id='word_1_24' title='bbox 1042 541 1215 612; x_wconf 84' lang='lat' dir='ltr'>(mars</span> <span class='ocrx_word' id='word_1_25' title='bbox 1254 538 1427 609; x_wconf 80' lang='lat'><strong>1867,</strong></span> <span class='ocrx_word' id='word_1_26' title='bbox 1464 545 1614 594; x_wconf 91' lang='lat' dir='ltr'>tomo</span> <span class='ocrx_word' id='word_1_27' title='bbox 1639 537 1743 606; x_wconf 88' lang='lat' dir='ltr'>XV,</span> <span class='ocrx_word' id='word_1_28' title='bbox 1774 555 1830 611; x_wconf 91' lang='lat' dir='ltr'>p.</span> <span class='ocrx_word' id='word_1_29' title='bbox 1877 536 2033 609; x_wconf 83' lang='lat'>195).</span> <span class='ocrx_word' id='word_1_30' title='bbox 2063 537 2221 593; x_wconf 86' lang='lat' dir='ltr'>Juvat</span> 
     </span>
     <span class='ocr_line' id='line_1_5' title="bbox 305 637 2218 717; baseline -0.006 -14"><span class='ocrx_word' id='word_1_31' title='bbox 305 652 492 702; x_wconf 90' lang='lat' dir='ltr'>autem</span> <span class='ocrx_word' id='word_1_32' title='bbox 525 641 808 717; x_wconf 75' lang='lat' dir='ltr'>praecipua</span> <span class='ocrx_word' id='word_1_33' title='bbox 847 641 1057 714; x_wconf 91' lang='lat' dir='ltr'>quibus</span> <span class='ocrx_word' id='word_1_34' title='bbox 1090 641 1294 697; x_wconf 90' lang='lat' dir='ltr'>nititur</span> <span class='ocrx_word' id='word_1_35' title='bbox 1326 644 1656 713; x_wconf 86' lang='lat' dir='ltr'>argumenta</span> <span class='ocrx_word' id='word_1_36' title='bbox 1693 638 1873 695; x_wconf 87' lang='lat' dir='ltr'>obiter</span> <span class='ocrx_word' id='word_1_37' title='bbox 1898 637 2218 710; x_wconf 85' lang='lat' dir='ltr'>indigitare.</span> 
     </span>
     <span class='ocr_line' id='line_1_6' title="bbox 305 734 2227 814; baseline -0.006 -14"><span class='ocrx_word' id='word_1_38' title='bbox 305 743 440 800; x_wconf 83' lang='lat' dir='ltr'>1⁰De</span> <span class='ocrx_word' id='word_1_39' title='bbox 466 742 674 798; x_wconf 89' lang='lat' dir='ltr'>Seneca</span> <span class='ocrx_word' id='word_1_40' title='bbox 703 740 783 796; x_wconf 92' lang='lat' dir='ltr'>sic</span> <span class='ocrx_word' id='word_1_41' title='bbox 812 746 1054 796; x_wconf 82' lang='lat' dir='ltr'>testatur</span> <span class='ocrx_word' id='word_1_42' title='bbox 1075 740 1130 795; x_wconf 89' lang='lat' dir='ltr'>S.</span> <span class='ocrx_word' id='word_1_43' title='bbox 1160 739 1536 814; x_wconf 79' lang='lat' dir='ltr'>Hieronymus</span> <span class='ocrx_word' id='word_1_44' title='bbox 1565 740 1648 809; x_wconf 81' lang='lat' dir='ltr'>(cle</span> <span class='ocrx_word' id='word_1_45' title='bbox 1681 738 1818 795; x_wconf 79' lang='lat' dir='ltr'>Viris</span> <span class='ocrx_word' id='word_1_46' title='bbox 1851 737 2084 807; x_wconf 58' lang='lat' dir='ltr'>illustr„</span> <span class='ocrx_word' id='word_1_47' title='bbox 2110 741 2153 791; x_wconf 92' lang='lat' dir='ltr'>t.</span> <span class='ocrx_word' id='word_1_48' title='bbox 2184 734 2227 788; x_wconf 91' lang='grc'>11</span> 
     </span>
     <span class='ocr_line' id='line_1_7' title="bbox 306 838 2230 917; baseline -0.004 -20"><span class='ocrx_word' id='word_1_49' title='bbox 306 841 573 917; x_wconf 88' lang='lat' dir='ltr'>Operum,</span> <span class='ocrx_word' id='word_1_50' title='bbox 613 856 740 916; x_wconf 84' lang='lat' dir='ltr'>pag.</span> <span class='ocrx_word' id='word_1_51' title='bbox 779 840 912 909; x_wconf 79' lang='grc'>855,</span> <span class='ocrx_word' id='word_1_52' title='bbox 952 838 1087 896; x_wconf 91' lang='lat' dir='ltr'>edit.</span> <span class='ocrx_word' id='word_1_53' title='bbox 1131 838 1413 911; x_wconf 83' lang='lat' dir='ltr'>Vallarsii)</span> <span class='ocrx_word' id='word_1_54' title='bbox 1443 861 1453 892; x_wconf 74' lang='grc' dir='ltr'>ε</span> <span class='ocrx_word' id='word_1_55' title='bbox 1489 839 1582 894; x_wconf 73' lang='lat' dir='ltr'>Hic</span> <span class='ocrx_word' id='word_1_56' title='bbox 1623 845 1743 893; x_wconf 87' lang='lat' dir='ltr'>ante</span> <span class='ocrx_word' id='word_1_57' title='bbox 1781 840 2041 893; x_wconf 79' lang='lat' dir='ltr'>biennium</span> <span class='ocrx_word' id='word_1_58' title='bbox 2073 853 2230 908; x_wconf 84' lang='lat' dir='ltr'>quam</span> 
     </span>
     <span class='ocr_line' id='line_1_8' title="bbox 305 934 2229 1011; baseline -0.005 -14"><span class='ocrx_word' id='word_1_59' title='bbox 305 940 499 997; x_wconf 77' lang='lat' dir='ltr'>Petras</span> <span class='ocrx_word' id='word_1_60' title='bbox 521 947 570 995; x_wconf 85' lang='lat' dir='ltr'>et</span> <span class='ocrx_word' id='word_1_61' title='bbox 585 938 783 995; x_wconf 78' lang='lat' dir='ltr'>Paulas</span> <span class='ocrx_word' id='word_1_62' title='bbox 813 945 1194 994; x_wconf 74' lang='lat' dir='ltr'>coronarentur</span> <span class='ocrx_word' id='word_1_63' title='bbox 1220 940 1502 1011; x_wconf 72' lang='lat' dir='ltr'>martyr-io,</span> <span class='ocrx_word' id='word_1_64' title='bbox 1525 956 1554 992; x_wconf 93' lang='lat' dir='ltr'>a</span> <span class='ocrx_word' id='word_1_65' title='bbox 1570 936 1777 993; x_wconf 82' lang='lat' dir='ltr'>Nerone</span> <span class='ocrx_word' id='word_1_66' title='bbox 1796 934 2104 1005; x_wconf 79' lang='lat' dir='ltr'>interfectus</span> <span class='ocrx_word' id='word_1_67' title='bbox 2128 940 2229 988; x_wconf 88' lang='lat' dir='ltr'>est.</span> 
     </span>
     <span class='ocr_line' id='line_1_9' title="bbox 307 1030 2232 1095; baseline -0.005 0"><span class='ocrx_word' id='word_1_68' title='bbox 307 1039 550 1095; x_wconf 76' lang='lat' dir='ltr'>Aliunde</span> <span class='ocrx_word' id='word_1_69' title='bbox 570 1044 757 1094; x_wconf 90' lang='lat' dir='ltr'>autem</span> <span class='ocrx_word' id='word_1_70' title='bbox 795 1057 859 1094; x_wconf 85' lang='lat' dir='ltr'>ex</span> <span class='ocrx_word' id='word_1_71' title='bbox 888 1037 1072 1094; x_wconf 89' lang='lat' dir='ltr'>Tacito</span> <span class='ocrx_word' id='word_1_72' title='bbox 1105 1038 1316 1095; x_wconf 92' lang='lat' dir='ltr'>scimus</span> <span class='ocrx_word' id='word_1_73' title='bbox 1351 1043 1642 1093; x_wconf 88' lang='lat' dir='ltr'>mortuum</span> <span class='ocrx_word' id='word_1_74' title='bbox 1671 1035 1938 1091; x_wconf 87' lang='lat' dir='ltr'>Senecam</span> <span class='ocrx_word' id='word_1_75' title='bbox 1982 1030 2232 1089; x_wconf 89' lang='lat' dir='ltr'>consuli-</span> 
     </span>
     <span class='ocr_line' id='line_1_10' title="bbox 309 1130 2228 1207; baseline -0.004 -15"><span class='ocrx_word' id='word_1_76' title='bbox 309 1137 418 1193; x_wconf 82' lang='lat' dir='ltr'>bus</span> <span class='ocrx_word' id='word_1_77' title='bbox 445 1137 576 1192; x_wconf 89' lang='lat' dir='ltr'>Silio</span> <span class='ocrx_word' id='word_1_78' title='bbox 602 1137 776 1193; x_wconf 85' lang='lat' dir='ltr'>Nerva</span> <span class='ocrx_word' id='word_1_79' title='bbox 810 1142 863 1193; x_wconf 90' lang='lat' dir='ltr'>et</span> <span class='ocrx_word' id='word_1_80' title='bbox 880 1135 1060 1192; x_wconf 87' lang='lat' dir='ltr'>Attico</span> <span class='ocrx_word' id='word_1_81' title='bbox 1082 1136 1332 1207; x_wconf 84' lang='lat' dir='ltr'>VestinO,</span> <span class='ocrx_word' id='word_1_82' title='bbox 1350 1136 1406 1191; x_wconf 92' lang='lat' dir='ltr'>id</span> <span class='ocrx_word' id='word_1_83' title='bbox 1432 1142 1514 1192; x_wconf 89' lang='lat' dir='ltr'>est</span> <span class='ocrx_word' id='word_1_84' title='bbox 1537 1154 1657 1191; x_wconf 73' lang='lat' dir='ltr'>aerae</span> <span class='ocrx_word' id='word_1_85' title='bbox 1681 1133 1932 1206; x_wconf 81' lang='lat' dir='ltr'>vulgaris</span> <span class='ocrx_word' id='word_1_86' title='bbox 1967 1149 2113 1187; x_wconf 91' lang='lat' dir='ltr'>anno</span> <span class='ocrx_word' id='word_1_87' title='bbox 2134 1130 2228 1185; x_wconf 87' lang='grc'>65.</span> 
     </span>
     <span class='ocr_line' id='line_1_11' title="bbox 309 1231 2230 1309; baseline -0.005 -18"><span class='ocrx_word' id='word_1_88' title='bbox 309 1236 443 1291; x_wconf 91' lang='lat' dir='ltr'>Cum</span> <span class='ocrx_word' id='word_1_89' title='bbox 477 1237 684 1291; x_wconf 76' lang='lat' dir='ltr'>biennio</span> <span class='ocrx_word' id='word_1_90' title='bbox 717 1240 862 1309; x_wconf 86' lang='lat' dir='ltr'>post,</span> <span class='ocrx_word' id='word_1_91' title='bbox 908 1240 1052 1290; x_wconf 84' lang='lat' dir='ltr'>teste</span> <span class='ocrx_word' id='word_1_92' title='bbox 1093 1234 1450 1309; x_wconf 87' lang='lat' dir='ltr'>Hieronymo,</span> <span class='ocrx_word' id='word_1_93' title='bbox 1494 1233 1696 1289; x_wconf 86' lang='lat' dir='ltr'>obierit</span> <span class='ocrx_word' id='word_1_94' title='bbox 1741 1238 1972 1288; x_wconf 88' lang='lat' dir='ltr'>sanctus</span> <span class='ocrx_word' id='word_1_95' title='bbox 2010 1231 2230 1295; x_wconf 83' lang='lat' dir='ltr'>PetruS,</span> 
     </span>
     <span class='ocr_line' id='line_1_12' title="bbox 314 1327 2239 1408; baseline -0.004 -19"><span class='ocrx_word' id='word_1_96' title='bbox 314 1334 618 1390; x_wconf 89' lang='lat' dir='ltr'>dicendum</span> <span class='ocrx_word' id='word_1_97' title='bbox 664 1340 746 1389; x_wconf 84' lang='lat' dir='ltr'>est</span> <span class='ocrx_word' id='word_1_98' title='bbox 790 1352 935 1388; x_wconf 91' lang='lat' dir='ltr'>anno</span> <span class='ocrx_word' id='word_1_99' title='bbox 988 1334 1055 1388; x_wconf 82' lang='lat'>67</span> <span class='ocrx_word' id='word_1_100' title='bbox 1107 1334 1443 1408; x_wconf 58' lang='lat' dir='ltr'>praeclarum</span> <span class='ocrx_word' id='word_1_101' title='bbox 1493 1333 1617 1405; x_wconf 87' lang='lat' dir='ltr'>ejus</span> <span class='ocrx_word' id='word_1_102' title='bbox 1669 1331 2005 1406; x_wconf 88' lang='lat' dir='ltr'>martyrium</span> <span class='ocrx_word' id='word_1_103' title='bbox 2061 1327 2239 1384; x_wconf 86' lang='lat' dir='ltr'>conti-</span> 
     </span>
     <span class='ocr_line' id='line_1_13' title="bbox 315 1433 482 1504; baseline 0.012 -17"><span class='ocrx_word' id='word_1_104' title='bbox 315 1433 482 1504; x_wconf 86' lang='lat' dir='ltr'>gisse.</span> 
     </span>
    </p>

    <p class='ocr_par' dir='ltr' id='par_1_2' title="bbox 315 1519 2248 2274">
     <span class='ocr_line' id='line_1_14' title="bbox 394 1519 2239 1604; baseline 0.001 -20"><span class='ocrx_word' id='word_1_105' title='bbox 394 1519 628 1585; x_wconf 40' lang='lat' dir='ltr'>2⁰‘ldem</span> <span class='ocrx_word' id='word_1_106' title='bbox 661 1531 867 1586; x_wconf 69' lang='lat' dir='ltr'>evincit</span> <span class='ocrx_word' id='word_1_107' title='bbox 899 1548 1141 1603; x_wconf 88' lang='lat' dir='ltr'>sequens</span> <span class='ocrx_word' id='word_1_108' title='bbox 1175 1529 1496 1604; x_wconf 80' lang='lat' dir='ltr'>Hieronymi</span> <span class='ocrx_word' id='word_1_109' title='bbox 1532 1535 1719 1584; x_wconf 85' lang='lat' dir='ltr'>textus</span> <span class='ocrx_word' id='word_1_110' title='bbox 1751 1551 1761 1582; x_wconf 75' lang='grc' dir='ltr'>ε</span> <span class='ocrx_word' id='word_1_111' title='bbox 1798 1529 2042 1585; x_wconf 83' lang='lat' dir='ltr'>Secundo</span> <span class='ocrx_word' id='word_1_112' title='bbox 2080 1529 2239 1586; x_wconf 80' lang='lat' dir='ltr'>Clau-</span> 
     </span>
     <span class='ocr_line' id='line_1_15' title="bbox 318 1626 2241 1702; baseline 0 -20"><span class='ocrx_word' id='word_1_113' title='bbox 318 1629 391 1683; x_wconf 70' lang='lat' dir='ltr'>clii</span> <span class='ocrx_word' id='word_1_114' title='bbox 419 1631 756 1702; x_wconf 73' lang='lat' dir='ltr'>imperatoris</span> <span class='ocrx_word' id='word_1_115' title='bbox 774 1646 934 1698; x_wconf 84' lang='lat' dir='ltr'>anno,</span> <span class='ocrx_word' id='word_1_116' title='bbox 960 1627 1026 1682; x_wconf 79' lang='lat' dir='ltr'>ad</span> <span class='ocrx_word' id='word_1_117' title='bbox 1040 1628 1456 1699; x_wconf 69' lang='lat' dir='ltr'>exJncgynand&#39;nm</span> <span class='ocrx_word' id='word_1_118' title='bbox 1473 1627 1742 1683; x_wconf 67' lang='lat' dir='ltr'>Simonem</span> <span class='ocrx_word' id='word_1_119' title='bbox 1761 1626 1994 1698; x_wconf 59' lang='lat' dir='ltr'>Magum,</span> <span class='ocrx_word' id='word_1_120' title='bbox 2016 1626 2241 1682; x_wconf 82' lang='lat' dir='ltr'>Romam</span> 
     </span>
     <span class='ocr_line' id='line_1_16' title="bbox 315 1725 2240 1799; baseline 0.001 -19"><span class='ocrx_word' id='word_1_121' title='bbox 315 1730 510 1799; x_wconf 69' lang='lat' dir='ltr'>peryit,</span> <span class='ocrx_word' id='word_1_122' title='bbox 541 1728 715 1799; x_wconf 75' lang='lat' dir='ltr'>ibique</span> <span class='ocrx_word' id='word_1_123' title='bbox 742 1728 923 1797; x_wconf 58' lang='lat' dir='ltr'>viganti</span> <span class='ocrx_word' id='word_1_124' title='bbox 956 1727 1179 1797; x_wconf 78' lang='lat' dir='ltr'>quinque</span> <span class='ocrx_word' id='word_1_125' title='bbox 1221 1727 1377 1779; x_wconf 77' lang='lat' dir='ltr'>annis</span> <span class='ocrx_word' id='word_1_126' title='bbox 1407 1725 1709 1780; x_wconf 80' lang='lat' dir='ltr'>cathedram</span> <span class='ocrx_word' id='word_1_127' title='bbox 1742 1725 2129 1779; x_wconf 75' lang='lat' dir='ltr'>sacerdotalem</span> <span class='ocrx_word' id='word_1_128' title='bbox 2165 1734 2240 1781; x_wconf 84' lang='lat' dir='ltr'>te-</span> 
     </span>
     <span class='ocr_line' id='line_1_17' title="bbox 320 1820 2232 1897; baseline 0 -20"><span class='ocrx_word' id='word_1_129' title='bbox 320 1828 436 1880; x_wconf 77' lang='lat' dir='ltr'>nuit</span> <span class='ocrx_word' id='word_1_130' title='bbox 464 1827 551 1897; x_wconf 82' lang='lat' dir='ltr'>(cle</span> <span class='ocrx_word' id='word_1_131' title='bbox 571 1826 707 1880; x_wconf 78' lang='lat' dir='ltr'>Viris</span> <span class='ocrx_word' id='word_1_132' title='bbox 739 1825 844 1890; x_wconf 63' lang='lat' dir='ltr'>ill„</span> <span class='ocrx_word' id='word_1_133' title='bbox 867 1823 992 1877; x_wconf 97' lang='grc'>1000</span> <span class='ocrx_word' id='word_1_134' title='bbox 1016 1821 1139 1889; x_wconf 84' lang='lat' dir='ltr'>cit.,</span> <span class='ocrx_word' id='word_1_135' title='bbox 1162 1841 1218 1895; x_wconf 92' lang='lat' dir='ltr'>p.</span> <span class='ocrx_word' id='word_1_136' title='bbox 1248 1821 1403 1892; x_wconf 82' lang='lat'>815).</span> <span class='ocrx_word' id='word_1_137' title='bbox 1430 1821 1725 1876; x_wconf 87' lang='lat' dir='ltr'>Secundus</span> <span class='ocrx_word' id='word_1_138' title='bbox 1753 1820 1963 1876; x_wconf 89' lang='lat' dir='ltr'>Claudii</span> <span class='ocrx_word' id='word_1_139' title='bbox 1987 1821 2232 1896; x_wconf 89' lang='lat' dir='ltr'>impera-</span> 
     </span>
     <span class='ocr_line' id='line_1_18' title="bbox 325 1918 2243 1992; baseline -0.001 -17"><span class='ocrx_word' id='word_1_140' title='bbox 325 1921 464 1977; x_wconf 90' lang='lat' dir='ltr'>toris</span> <span class='ocrx_word' id='word_1_141' title='bbox 491 1940 673 1976; x_wconf 89' lang='lat' dir='ltr'>annus</span> <span class='ocrx_word' id='word_1_142' title='bbox 702 1920 851 1976; x_wconf 87' lang='lat' dir='ltr'>idem</span> <span class='ocrx_word' id='word_1_143' title='bbox 885 1925 967 1975; x_wconf 84' lang='lat' dir='ltr'>est</span> <span class='ocrx_word' id='word_1_144' title='bbox 999 1937 1062 1974; x_wconf 90' lang='lat' dir='ltr'>ac</span> <span class='ocrx_word' id='word_1_145' title='bbox 1101 1918 1566 1991; x_wconf 82' lang='lat' dir='ltr'>quadragesimus</span> <span class='ocrx_word' id='word_1_146' title='bbox 1595 1918 1876 1975; x_wconf 89' lang='lat' dir='ltr'>secundus</span> <span class='ocrx_word' id='word_1_147' title='bbox 1906 1937 2030 1974; x_wconf 75' lang='lat' dir='ltr'>aerae</span> <span class='ocrx_word' id='word_1_148' title='bbox 2052 1920 2243 1992; x_wconf 86' lang='lat' dir='ltr'>vulga-</span> 
     </span>
     <span class='ocr_line' id='line_1_19' title="bbox 324 2017 2242 2092; baseline -0.001 -17"><span class='ocrx_word' id='word_1_149' title='bbox 324 2020 425 2075; x_wconf 88' lang='lat' dir='ltr'>ris.</span> <span class='ocrx_word' id='word_1_150' title='bbox 458 2021 553 2075; x_wconf 85' lang='lat' dir='ltr'>Cui</span> <span class='ocrx_word' id='word_1_151' title='bbox 590 2037 827 2075; x_wconf 82' lang='lat' dir='ltr'>numero</span> <span class='ocrx_word' id='word_1_152' title='bbox 875 2019 968 2086; x_wconf 74' lang='lat'>42,</span> <span class='ocrx_word' id='word_1_153' title='bbox 1006 2018 1053 2074; x_wconf 90' lang='lat' dir='ltr'>si</span> <span class='ocrx_word' id='word_1_154' title='bbox 1090 2018 1256 2073; x_wconf 85' lang='lat' dir='ltr'>addas</span> <span class='ocrx_word' id='word_1_155' title='bbox 1296 2018 1366 2072; x_wconf 75' lang='lat'>25</span> <span class='ocrx_word' id='word_1_156' title='bbox 1404 2037 1579 2074; x_wconf 90' lang='lat' dir='ltr'>annos</span> <span class='ocrx_word' id='word_1_157' title='bbox 1615 2019 1823 2090; x_wconf 87' lang='lat' dir='ltr'>quihus</span> <span class='ocrx_word' id='word_1_158' title='bbox 1865 2017 2242 2092; x_wconf 90' lang='lat' dir='ltr'>episcopalem</span> 
     </span>
     <span class='ocr_line' id='line_1_20' title="bbox 342 2117 2248 2193; baseline 0.001 -21"><span class='ocrx_word' id='word_1_159' title='bbox 342 2119 514 2174; x_wconf 53' lang='lat' dir='ltr'>&#39;loma‘</span> <span class='ocrx_word' id='word_1_160' title='bbox 540 2119 863 2174; x_wconf 86' lang='lat' dir='ltr'>cathedram</span> <span class='ocrx_word' id='word_1_161' title='bbox 892 2117 1073 2173; x_wconf 90' lang='lat' dir='ltr'>tenuit</span> <span class='ocrx_word' id='word_1_162' title='bbox 1102 2123 1331 2173; x_wconf 90' lang='lat' dir='ltr'>sanctus</span> <span class='ocrx_word' id='word_1_163' title='bbox 1356 2118 1575 2189; x_wconf 85' lang='lat' dir='ltr'>Petrus,</span> <span class='ocrx_word' id='word_1_164' title='bbox 1605 2117 1851 2193; x_wconf 87' lang='lat' dir='ltr'>reperies</span> <span class='ocrx_word' id='word_1_165' title='bbox 1880 2135 2012 2173; x_wconf 84' lang='lat' dir='ltr'>euin</span> <span class='ocrx_word' id='word_1_166' title='bbox 2041 2117 2248 2173; x_wconf 90' lang='lat' dir='ltr'>obiisse</span> 
     </span>
     <span class='ocr_line' id='line_1_21' title="bbox 331 2218 608 2274; baseline 0.007 -3"><span class='ocrx_word' id='word_1_167' title='bbox 331 2235 477 2272; x_wconf 87' lang='lat' dir='ltr'>anno</span> <span class='ocrx_word' id='word_1_168' title='bbox 518 2218 608 2274; x_wconf 80' lang='lat'>67.</span> 
     </span>
    </p>

    <p class='ocr_par' dir='ltr' id='par_1_3' title="bbox 327 2313 2258 2885">
     <span class='ocr_line' id='line_1_22' title="bbox 410 2313 2252 2393; baseline -0.002 -22"><span class='ocrx_word' id='word_1_169' title='bbox 410 2316 463 2371; x_wconf 81' lang='lat'>5⁰</span> <span class='ocrx_word' id='word_1_170' title='bbox 488 2316 607 2370; x_wconf 87' lang='lat' dir='ltr'>Alio</span> <span class='ocrx_word' id='word_1_171' title='bbox 626 2317 745 2372; x_wconf 94' lang='grc'>1000</span> <span class='ocrx_word' id='word_1_172' title='bbox 767 2318 1137 2393; x_wconf 83' lang='lat' dir='ltr'>Hieronymus</span> <span class='ocrx_word' id='word_1_173' title='bbox 1166 2316 1345 2372; x_wconf 87' lang='lat' dir='ltr'>sancti</span> <span class='ocrx_word' id='word_1_174' title='bbox 1376 2315 1521 2371; x_wconf 87' lang='lat' dir='ltr'>Petri</span> <span class='ocrx_word' id='word_1_175' title='bbox 1549 2315 1816 2392; x_wconf 87' lang='lat' dir='ltr'>martyrio</span> <span class='ocrx_word' id='word_1_176' title='bbox 1845 2313 2106 2386; x_wconf 82' lang='lat' dir='ltr'>adsignat</span> <span class='ocrx_word' id='word_1_177' title='bbox 2126 2313 2252 2370; x_wconf 79' lang='lat' dir='ltr'>ulti-</span> 
     </span>
     <span class='ocr_line' id='line_1_23' title="bbox 327 2411 2247 2486; baseline -0.002 -18"><span class='ocrx_word' id='word_1_178' title='bbox 327 2432 470 2468; x_wconf 81' lang='lat' dir='ltr'>mum</span> <span class='ocrx_word' id='word_1_179' title='bbox 494 2414 952 2484; x_wconf 71' lang='lat' dir='ltr'>(tnnetmNeroniS‚</span> <span class='ocrx_word' id='word_1_180' title='bbox 983 2416 1036 2470; x_wconf 73' lang='lat' dir='ltr'>ia</span> <span class='ocrx_word' id='word_1_181' title='bbox 1056 2422 1133 2470; x_wconf 79' lang='lat' dir='ltr'>est</span> <span class='ocrx_word' id='word_1_182' title='bbox 1161 2415 1421 2470; x_wconf 75' lang='lat' dir='ltr'>decimum</span> <span class='ocrx_word' id='word_1_183' title='bbox 1440 2421 1686 2486; x_wconf 77' lang='lat' dir='ltr'>quartum</span> <span class='ocrx_word' id='word_1_184' title='bbox 1719 2413 1859 2484; x_wconf 92' lang='lat' dir='ltr'>(loco</span> <span class='ocrx_word' id='word_1_185' title='bbox 1880 2412 1977 2480; x_wconf 89' lang='lat' dir='ltr'>cit,</span> <span class='ocrx_word' id='word_1_186' title='bbox 2000 2431 2056 2485; x_wconf 91' lang='lat' dir='ltr'>p.</span> <span class='ocrx_word' id='word_1_187' title='bbox 2089 2411 2247 2482; x_wconf 77' lang='lat'>815).</span> 
     </span>
     <span class='ocr_line' id='line_1_24' title="bbox 330 2509 2253 2586; baseline -0.001 -20"><span class='ocrx_word' id='word_1_188' title='bbox 330 2513 498 2586; x_wconf 71' lang='lat' dir='ltr'>Coepit</span> <span class='ocrx_word' id='word_1_189' title='bbox 522 2532 758 2586; x_wconf 79' lang='lat' dir='ltr'>regnare</span> <span class='ocrx_word' id='word_1_190' title='bbox 791 2515 930 2570; x_wconf 84' lang='lat' dir='ltr'>Nero</span> <span class='ocrx_word' id='word_1_191' title='bbox 957 2533 1106 2570; x_wconf 91' lang='lat' dir='ltr'>anno</span> <span class='ocrx_word' id='word_1_192' title='bbox 1139 2515 1232 2570; x_wconf 71' lang='lat'>54.</span> <span class='ocrx_word' id='word_1_193' title='bbox 1272 2513 1415 2567; x_wconf 85' lang='lat' dir='ltr'>Anni</span> <span class='ocrx_word' id='word_1_194' title='bbox 1443 2520 1656 2580; x_wconf 82' lang='lat' dir='ltr'>autem,</span> <span class='ocrx_word' id='word_1_195' title='bbox 1690 2518 1856 2586; x_wconf 86' lang='lat' dir='ltr'>prout</span> <span class='ocrx_word' id='word_1_196' title='bbox 1888 2509 2253 2566; x_wconf 90' lang='lat' dir='ltr'>communius</span> 
     </span>
     <span class='ocr_line' id='line_1_25' title="bbox 332 2610 2258 2686; baseline -0.002 -19"><span class='ocrx_word' id='word_1_197' title='bbox 332 2613 646 2686; x_wconf 82' lang='lat' dir='ltr'>computari</span> <span class='ocrx_word' id='word_1_198' title='bbox 681 2615 957 2682; x_wconf 86' lang='lat' dir='ltr'>solebant,</span> <span class='ocrx_word' id='word_1_199' title='bbox 1011 2632 1040 2668; x_wconf 90' lang='lat' dir='ltr'>a</span> <span class='ocrx_word' id='word_1_200' title='bbox 1087 2612 1335 2669; x_wconf 86' lang='lat' dir='ltr'>calendis</span> <span class='ocrx_word' id='word_1_201' title='bbox 1379 2611 1629 2686; x_wconf 87' lang='lat' dir='ltr'>januarii</span> <span class='ocrx_word' id='word_1_202' title='bbox 1670 2611 2011 2685; x_wconf 89' lang='lat' dir='ltr'>incipiebant</span> <span class='ocrx_word' id='word_1_203' title='bbox 2055 2610 2258 2664; x_wconf 87' lang='lat' dir='ltr'>decur-</span> 
     </span>
     <span class='ocr_line' id='line_1_26' title="bbox 335 2709 2253 2786; baseline -0.001 -22"><span class='ocrx_word' id='word_1_204' title='bbox 335 2728 482 2766; x_wconf 82' lang='lat' dir='ltr'>rere.</span> <span class='ocrx_word' id='word_1_205' title='bbox 504 2712 666 2767; x_wconf 84' lang='lat' dir='ltr'>Juxta</span> <span class='ocrx_word' id='word_1_206' title='bbox 694 2712 842 2784; x_wconf 87' lang='lat' dir='ltr'>quod</span> <span class='ocrx_word' id='word_1_207' title='bbox 868 2718 1227 2786; x_wconf 87' lang='lat' dir='ltr'>computum,</span> <span class='ocrx_word' id='word_1_208' title='bbox 1260 2730 1443 2766; x_wconf 87' lang='lat' dir='ltr'>annus</span> <span class='ocrx_word' id='word_1_209' title='bbox 1469 2710 1704 2766; x_wconf 82' lang='lat' dir='ltr'>Neronis</span> <span class='ocrx_word' id='word_1_210' title='bbox 1739 2709 1991 2773; x_wconf 86' lang='lat' dir='ltr'>decimus</span> <span class='ocrx_word' id='word_1_211' title='bbox 2014 2713 2253 2780; x_wconf 88' lang='lat' dir='ltr'>quartus</span> 
     </span>
     <span class='ocr_line' id='line_1_27' title="bbox 345 2807 1900 2885; baseline 0.003 -25"><span class='ocrx_word' id='word_1_212' title='bbox 345 2807 493 2862; x_wconf 87' lang='lat' dir='ltr'>idem</span> <span class='ocrx_word' id='word_1_213' title='bbox 524 2828 645 2865; x_wconf 85' lang='lat' dir='ltr'>csse</span> <span class='ocrx_word' id='word_1_214' title='bbox 672 2811 1020 2885; x_wconf 87' lang='lat' dir='ltr'>comperitur</span> <span class='ocrx_word' id='word_1_215' title='bbox 1059 2830 1122 2866; x_wconf 90' lang='lat' dir='ltr'>ac</span> <span class='ocrx_word' id='word_1_216' title='bbox 1153 2830 1338 2866; x_wconf 87' lang='lat' dir='ltr'>annus</span> <span class='ocrx_word' id='word_1_217' title='bbox 1367 2811 1437 2866; x_wconf 81' lang='lat'>67</span> <span class='ocrx_word' id='word_1_218' title='bbox 1470 2829 1593 2865; x_wconf 60' lang='lat' dir='ltr'>[erte</span> <span class='ocrx_word' id='word_1_219' title='bbox 1629 2808 1900 2882; x_wconf 72' lang='lat' dir='ltr'>vulgariS.</span> 
     </span>
    </p>

    <p class='ocr_par' dir='ltr' id='par_1_4' title="bbox 419 2905 2258 2981">
     <span class='ocr_line' id='line_1_28' title="bbox 419 2905 2258 2981; baseline 0 -23"><span class='ocrx_word' id='word_1_220' title='bbox 419 2905 474 2958; x_wconf 70' lang='lat'>4⁰</span> <span class='ocrx_word' id='word_1_221' title='bbox 497 2906 755 2961; x_wconf 84' lang='lat' dir='ltr'>Testatur</span> <span class='ocrx_word' id='word_1_222' title='bbox 784 2908 1057 2962; x_wconf 81' lang='lat' dir='ltr'>Eusebius</span> <span class='ocrx_word' id='word_1_223' title='bbox 1095 2909 1321 2963; x_wconf 84' lang='lat' dir='ltr'>Petrum</span> <span class='ocrx_word' id='word_1_224' title='bbox 1363 2909 1433 2962; x_wconf 75' lang='lat'>25</span> <span class='ocrx_word' id='word_1_225' title='bbox 1461 2908 1623 2962; x_wconf 89' lang='lat' dir='ltr'>annis</span> <span class='ocrx_word' id='word_1_226' title='bbox 1653 2908 2042 2981; x_wconf 85' lang='lat' dir='ltr'>episcopatum</span> <span class='ocrx_word' id='word_1_227' title='bbox 2069 2906 2258 2960; x_wconf 79' lang='lat' dir='ltr'>Romae</span> 
     </span>
    </p>
   </div>
   <div class='ocr_carea' id='block_1_2' title="bbox 340 3000 2283 3163">
    <p class='ocr_par' dir='ltr' id='par_1_5' title="bbox 340 3000 2283 3163">
     <span class='ocr_line' id='line_1_29' title="bbox 341 3000 2283 3079; baseline -0.002 -21"><span class='ocrx_word' id='word_1_228' title='bbox 341 3002 582 3075; x_wconf 82' lang='lat' dir='ltr'>gessisse</span> <span class='ocrx_word' id='word_1_229' title='bbox 606 3010 846 3078; x_wconf 81' lang='lat' dir='ltr'>(textum</span> <span class='ocrx_word' id='word_1_230' title='bbox 889 3024 1063 3079; x_wconf 89' lang='lat' dir='ltr'>supra</span> <span class='ocrx_word' id='word_1_231' title='bbox 1114 3005 1458 3074; x_wconf 70' lang='lat' dir='ltr'>citavimus).</span> <span class='ocrx_word' id='word_1_232' title='bbox 1493 3005 1553 3059; x_wconf 88' lang='lat' dir='ltr'>Et</span> <span class='ocrx_word' id='word_1_233' title='bbox 1599 3004 1706 3059; x_wconf 90' lang='lat' dir='ltr'>alio</span> <span class='ocrx_word' id='word_1_234' title='bbox 1732 3005 1856 3059; x_wconf 92' lang='lat' dir='ltr'>loco</span> <span class='ocrx_word' id='word_1_235' title='bbox 1881 3009 2098 3072; x_wconf 86' lang='lat' dir='ltr'>narrat,</span> <span class='ocrx_word' id='word_1_236' title='bbox 2134 3000 2283 3055; x_wconf 81' lang='lat' dir='ltr'>Phi-&#39;</span> 
     </span>
     <span class='ocr_line' id='line_1_30' title="bbox 340 3092 2259 3163; baseline -0.001 -15"><span class='ocrx_word' id='word_1_237' title='bbox 340 3095 548 3163; x_wconf 83' lang='lat' dir='ltr'>Ionem,</span> <span class='ocrx_word' id='word_1_238' title='bbox 577 3113 706 3149; x_wconf 83' lang='lat' dir='ltr'>cum</span> <span class='ocrx_word' id='word_1_239' title='bbox 736 3095 982 3152; x_wconf 82' lang='lat' dir='ltr'>secunda</span> <span class='ocrx_word' id='word_1_240' title='bbox 1014 3096 1134 3152; x_wconf 64' lang='lat' dir='ltr'>vice</span> <span class='ocrx_word' id='word_1_241' title='bbox 1160 3095 1403 3151; x_wconf 64' lang='lat' dir='ltr'>venisset</span> <span class='ocrx_word' id='word_1_242' title='bbox 1446 3096 1680 3150; x_wconf 87' lang='lat' dir='ltr'>Romam</span> <span class='ocrx_word' id='word_1_243' title='bbox 1709 3094 1778 3148; x_wconf 90' lang='lat' dir='ltr'>ad</span> <span class='ocrx_word' id='word_1_244' title='bbox 1808 3092 2107 3149; x_wconf 88' lang='lat' dir='ltr'>Claudium</span> <span class='ocrx_word' id='word_1_245' title='bbox 2155 3092 2259 3146; x_wconf 90' lang='lat' dir='ltr'>im-</span> 
     </span>
    </p>
   </div>
   <div class='ocr_carea' id='block_1_3' title="bbox 340 3192 2265 3466">
    <p class='ocr_par' dir='ltr' id='par_1_6' title="bbox 340 3192 2265 3466">
     <span class='ocr_line' id='line_1_31' title="bbox 340 3192 2257 3270; baseline -0.002 -22"><span class='ocrx_word' id='word_1_246' title='bbox 340 3199 679 3268; x_wconf 81' lang='lat' dir='ltr'>peratorem,</span> <span class='ocrx_word' id='word_1_247' title='bbox 717 3213 847 3250; x_wconf 86' lang='lat' dir='ltr'>cum</span> <span class='ocrx_word' id='word_1_248' title='bbox 893 3196 1054 3251; x_wconf 84' lang='lat' dir='ltr'>Petro</span> <span class='ocrx_word' id='word_1_249' title='bbox 1089 3195 1350 3270; x_wconf 86' lang='lat' dir='ltr'>Apostolo</span> <span class='ocrx_word' id='word_1_250' title='bbox 1391 3196 1644 3250; x_wconf 90' lang='lat' dir='ltr'>locutum</span> <span class='ocrx_word' id='word_1_251' title='bbox 1673 3193 1850 3249; x_wconf 88' lang='lat' dir='ltr'>fuisse</span> <span class='ocrx_word' id='word_1_252' title='bbox 1911 3192 2073 3266; x_wconf 67' lang='lat' dir='ltr'>(Hist.</span> <span class='ocrx_word' id='word_1_253' title='bbox 2107 3192 2257 3259; x_wconf 59' lang='lat' dir='ltr'>eccl..</span> 
     </span>
     <span class='ocr_line' id='line_1_32' title="bbox 343 3291 2265 3368; baseline -0.001 -23"><span class='ocrx_word' id='word_1_254' title='bbox 343 3291 477 3361; x_wconf 82' lang='grc'>1.11,</span> <span class='ocrx_word' id='word_1_255' title='bbox 509 3311 558 3348; x_wconf 93' lang='grc'>0.</span> <span class='ocrx_word' id='word_1_256' title='bbox 615 3293 762 3366; x_wconf 74' lang='lat' dir='ltr'>xm).</span> <span class='ocrx_word' id='word_1_257' title='bbox 799 3293 976 3367; x_wconf 82' lang='lat' dir='ltr'>Igitur</span> <span class='ocrx_word' id='word_1_258' title='bbox 1015 3300 1156 3349; x_wconf 59' lang='lat' dir='ltr'>teste</span> <span class='ocrx_word' id='word_1_259' title='bbox 1204 3293 1466 3362; x_wconf 79' lang='lat' dir='ltr'>Eusebi0‚</span> <span class='ocrx_word' id='word_1_260' title='bbox 1508 3293 1676 3368; x_wconf 77' lang='lat' dir='ltr'>coepit</span> <span class='ocrx_word' id='word_1_261' title='bbox 1709 3294 1908 3348; x_wconf 88' lang='lat' dir='ltr'>Petrus</span> <span class='ocrx_word' id='word_1_262' title='bbox 1950 3292 2265 3365; x_wconf 87' lang='lat' dir='ltr'>imperante</span> 
     </span>
     <span class='ocr_line' id='line_1_33' title="bbox 347 3388 2264 3466; baseline -0.001 -21"><span class='ocrx_word' id='word_1_263' title='bbox 347 3391 571 3447; x_wconf 87' lang='lat' dir='ltr'>Claudio</span> <span class='ocrx_word' id='word_1_264' title='bbox 611 3392 796 3447; x_wconf 80' lang='lat' dir='ltr'>Romae</span> <span class='ocrx_word' id='word_1_265' title='bbox 823 3393 1022 3466; x_wconf 74' lang='lat' dir='ltr'>degere</span> <span class='ocrx_word' id='word_1_266' title='bbox 1049 3417 1057 3459; x_wconf 83' lang='lat'><em>3</em></span> <span class='ocrx_word' id='word_1_267' title='bbox 1099 3399 1151 3448; x_wconf 80' lang='lat' dir='ltr'>et.</span> <span class='ocrx_word' id='word_1_268' title='bbox 1179 3392 1405 3466; x_wconf 86' lang='lat' dir='ltr'>quidem</span> <span class='ocrx_word' id='word_1_269' title='bbox 1444 3393 1670 3448; x_wconf 76' lang='lat' dir='ltr'>seeundo</span> <span class='ocrx_word' id='word_1_270' title='bbox 1698 3392 1869 3464; x_wconf 87' lang='lat' dir='ltr'>hujus</span> <span class='ocrx_word' id='word_1_271' title='bbox 1907 3388 2264 3462; x_wconf 85' lang='lat' dir='ltr'>imperatoris</span> 
     </span>
    </p>
   </div>
   <div class='ocr_carea' id='block_1_4' title="bbox 353 3486 2266 3657">
    <p class='ocr_par' dir='ltr' id='par_1_7' title="bbox 353 3486 2266 3657">
     <span class='ocr_line' id='line_1_34' title="bbox 353 3486 2266 3567; baseline -0.001 -24"><span class='ocrx_word' id='word_1_272' title='bbox 353 3508 509 3561; x_wconf 82' lang='lat' dir='ltr'>anno,</span> <span class='ocrx_word' id='word_1_273' title='bbox 538 3500 707 3566; x_wconf 83' lang='lat' dir='ltr'>prout</span> <span class='ocrx_word' id='word_1_274' title='bbox 733 3493 930 3549; x_wconf 88' lang='lat' dir='ltr'>asserit</span> <span class='ocrx_word' id='word_1_275' title='bbox 963 3498 1193 3548; x_wconf 88' lang='lat' dir='ltr'>sanctus</span> <span class='ocrx_word' id='word_1_276' title='bbox 1219 3492 1613 3567; x_wconf 86' lang='lat' dir='ltr'>Hieronymus.</span> <span class='ocrx_word' id='word_1_277' title='bbox 1646 3492 1781 3547; x_wconf 90' lang='lat' dir='ltr'>Cum</span> <span class='ocrx_word' id='word_1_278' title='bbox 1815 3495 2003 3544; x_wconf 91' lang='lat' dir='ltr'>autem</span> <span class='ocrx_word' id='word_1_279' title='bbox 2037 3486 2266 3542; x_wconf 90' lang='lat' dir='ltr'>aliunde</span> 
     </span>
     <span class='ocr_line' id='line_1_35' title="bbox 355 3581 2266 3657; baseline -0.001 -24"><span class='ocrx_word' id='word_1_280' title='bbox 355 3588 569 3638; x_wconf 80' lang='lat' dir='ltr'>constet</span> <span class='ocrx_word' id='word_1_281' title='bbox 627 3585 936 3640; x_wconf 84' lang='lat' dir='ltr'>secundum</span> <span class='ocrx_word' id='word_1_282' title='bbox 993 3585 1143 3639; x_wconf 87' lang='lat' dir='ltr'>hunc</span> <span class='ocrx_word' id='word_1_283' title='bbox 1195 3583 1412 3638; x_wconf 84' lang='lat' dir='ltr'>Claudii</span> <span class='ocrx_word' id='word_1_284' title='bbox 1460 3581 1818 3657; x_wconf 79' lang='lat' dir='ltr'>imperatoris</span> <span class='ocrx_word' id='word_1_285' title='bbox 1873 3596 2086 3633; x_wconf 90' lang='lat' dir='ltr'>annum</span> <span class='ocrx_word' id='word_1_286' title='bbox 2135 3596 2266 3633; x_wconf 91' lang='lat' dir='ltr'>cum</span> 
     </span>
    </p>
   </div>
   <div class='ocr_carea' id='block_1_5' title="bbox 357 3677 2317 3756">
    <p class='ocr_par' dir='ltr' id='par_1_8' title="bbox 357 3677 2317 3756">
     <span class='ocr_line' id='line_1_36' title="bbox 357 3677 2317 3756; baseline -0.001 -22"><span class='ocrx_word' id='word_1_287' title='bbox 357 3697 502 3734; x_wconf 89' lang='lat' dir='ltr'>anno</span> <span class='ocrx_word' id='word_1_288' title='bbox 529 3681 598 3736; x_wconf 74' lang='lat'>42</span> <span class='ocrx_word' id='word_1_289' title='bbox 633 3701 754 3739; x_wconf 47' lang='lat' dir='ltr'>aira*</span> <span class='ocrx_word' id='word_1_290' title='bbox 798 3684 1046 3756; x_wconf 66' lang='lat' dir='ltr'>vulgaris</span> <span class='ocrx_word' id='word_1_291' title='bbox 1080 3683 1418 3751; x_wconf 87' lang='lat' dir='ltr'>coincidere,</span> <span class='ocrx_word' id='word_1_292' title='bbox 1471 3681 1728 3754; x_wconf 88' lang='lat' dir='ltr'>sequitur</span> <span class='ocrx_word' id='word_1_293' title='bbox 1775 3679 2001 3733; x_wconf 81' lang='lat' dir='ltr'>Petrum</span> <span class='ocrx_word' id='word_1_294' title='bbox 2034 3677 2266 3751; x_wconf 77' lang='lat' dir='ltr'>Aposto-</span> <span class='ocrx_word' id='word_1_295' title='bbox 2311 3681 2317 3687; x_wconf 87' lang='lat'>&#39;</span> 
     </span>
    </p>
   </div>
  </div>
 </body>
</html>
