2372 4108
323 244 380 291 46
991 233 1287 283 TRACTATUS
1318 234 1384 281 DE
1414 235 1560 284 ΡΑΡΑ.

401 352 456 408 6⁰
505 351 665 408 Caius
690 348 983 422 presbyter.
1009 375 1079 383 --
1111 343 1243 417 Ejus
1286 334 1682 402 testimonium
1715 346 1914 420 allegat
1966 347 2244 406 Eusebius

325 451 481 523 (Hist.
500 449 600 504 lib.
625 448 768 518 Il„c.
786 442 926 517 xxiv)
956 442 1016 498 in
1045 443 1200 499 hunc
1224 443 1460 500 modum
1493 466 1504 498 :
1532 443 1683 501 «Sed
1711 449 1764 502 et
1786 445 1949 503 Caius
1980 447 2238 521 quidam,

322 549 407 605 vir
430 541 764 615 catholicuS,
794 542 893 616 qui
924 542 1209 619 Zephirini
1235 543 1501 600 Romanae
1538 544 1699 600 urbis
1738 546 1999 623 Episcopi
2026 555 2242 623 tempo-

320 647 476 702 ribus
507 643 719 714 floruit,
750 643 810 698 in
837 661 901 699 eo
933 642 1077 699 libro
1110 661 1280 716 quem
1311 643 1534 724 scripsit
1561 644 1825 701 Adversus
1853 646 2126 716 Proclam,
2146 664 2245 720 pa-

315 746 546 800 tronum
591 747 758 799 sectae
801 743 1304 817 cataphrygarum,
1352 742 1421 798 de
1457 742 1581 798 loco
1614 742 1673 797 in
1702 762 1814 816 quo
1845 744 2245 819 praedictorum

314 843 714 919 Apostolorum
749 841 917 917 (Petri
948 846 1001 897 et
1028 839 1204 909 Pauli)
1236 858 1393 896 sacra
1421 858 1658 915 corpora
1687 840 1944 915 deposita
1978 847 2133 913 sunt,
2168 842 2246 897 ita

315 942 571 1015 loquitur
597 963 608 995 :
630 941 744 1014 Eyo
771 959 916 1012 vere,
946 939 1154 1013 inquit,
1178 940 1540 1014 apostolormn
1569 940 1801 1014 trophaea
1828 958 2043 1013 possum
2071 948 2246 996 osten-

316 1041 459 1097 dere.
492 1041 626 1097 Nam
651 1043 759 1096 sive
793 1043 848 1095 in
880 1040 1212 1109 Vaticanum,
1257 1040 1367 1094 sive
1403 1039 1471 1094 acl
1514 1038 1801 1095 Ostiensem
1845 1041 1984 1094 viam
2024 1057 2248 1112 peryere

319 1141 462 1210 libet,
497 1149 772 1196 occurrent
795 1141 887 1195 tibi
919 1148 1125 1212 tropaea
1161 1119 1343 1194 eornm
1379 1140 1465 1210 qai
1490 1137 1779 1194 Ecclesiam
1807 1136 1962 1192 illam
1991 1138 2250 1210 fundave-

321 1247 465 1295 runt.
497 1261 522 1291 »

403 1337 454 1392 7⁰
484 1337 861 1393 Tertullianus.
884 1369 954 1377 —
978 1335 1079 1391 «Si
1100 1342 1291 1391 autem
1320 1336 1489 1391 Italiae
1521 1335 1765 1409 adjaces,
1786 1337 1959 1392 habes
1983 1336 2244 1406 Romam,

318 1437 472 1491 unde
515 1436 676 1492 nohis
723 1453 951 1507 quoque
992 1434 1298 1490 auctoritas
1348 1440 1551 1508 praesto
1605 1440 1709 1490 est.
1749 1435 1858 1490 Ista
1904 1455 2075 1508 quam
2114 1435 2249 1489 felix

316 1532 584 1603 Ecclesia,
622 1531 714 1587 cui
757 1536 934 1597 totam
969 1531 1286 1585 doctrinam
1327 1531 1576 1604 Apostoli
1604 1549 1706 1586 suo
1735 1531 2014 1604 sanguine
2054 1531 2247 1606 profu-

321 1610 547 1688 deruht.
579 1629 678 1686 Ubi
702 1630 896 1684 Petrus
919 1628 1168 1703 passioni
1197 1628 1494 1683 dominicae
1521 1628 1878 1701 adaequatur,
1908 1629 2005 1685 ubi
2040 1630 2250 1686 Paulus

317 1731 551 1787 Joannis
578 1730 731 1785 exitu
760 1734 1063 1784 coronatur
1095 1750 1122 1780 »
1152 1728 1576 1797 (Tertullianus,
1614 1728 1760 1783 libro
1794 1729 1858 1784 de
1880 1721 2251 1804 Praescriptio-

319 1831 494 1897 nibus,
529 1847 650 1901 cap.
672 1827 836 1899 xxvt).

400 1928 454 1983 8⁰
484 1927 680 1981 Auctor
705 1925 995 1981 carminum
1037 1932 1226 1979 contra
1266 1923 1614 1980 Marcionem.
1647 1955 1716 1963 —
1758 1944 1784 1974 «
1815 1924 1924 1979 Hac
1955 1924 2246 1997 cathedra,

320 2027 515 2084 Petrus
552 2044 664 2099 qua
701 2024 918 2080 sederat
958 2023 1099 2098 ipse,
1141 2024 1388 2078 locatum
1436 2056 1506 2063 —-
1549 2023 1784 2078 Maxima
1825 2023 2001 2078 Roma
2045 2023 2246 2079 Linum

319 2126 572 2200 primum
625 2122 920 2179 considere
968 2120 1219 2195 jussit.»
1261 2120 1322 2175 Et
1366 2119 1511 2175 infra
1563 2141 1573 2174 :
1626 2143 1653 2173 «
1699 2121 1994 2176 Constabat
2041 2121 2248 2195 pietate

318 2224 512 2297 vigens
542 2221 787 2279 Ecclesia
814 2220 1023 2289 Roma),
1051 2253 1120 2260 —
1149 2218 1469 2293 Composita
1493 2237 1527 2298 ‘a
1555 2218 1737 2289 Petr0,
1763 2219 1928 2291 cujus
1956 2237 2250 2276 successor

320 2327 372 2377 et
405 2321 545 2395 ipse.
575 2341 601 2373 »
1587 2327 1589 2329 ’

397 2418 454 2473 9⁰
480 2419 537 2475 S.
569 2419 899 2493 Hippolytus,
932 2420 1204 2491 episcopus
1233 2424 1282 2471 et
1311 2424 1533 2489 martyr.
1569 2415 2041 2471 —Romanorum
2059 2415 2247 2471 Ponti—

309 2517 490 2573 'ficum
520 2517 790 2589 cataloqas
823 2516 919 2590 qui
953 2516 1162 2572 dicitur
1191 2515 1537 2589 quandoque
1566 2515 1931 2571 Bucherianas
1979 2516 2063 2586 (eo
2095 2515 2246 2587 quod

323 2632 353 2670 a
389 2614 663 2670 Bucherio
706 2614 957 2688 primum
989 2613 1175 2669 editus
1221 2613 1414 2685 fuerit)
1454 2619 1504 2669 et
1548 2612 1893 2686 quandoque
1934 2612 2245 2668 Livbere'anus

325 2715 409 2782 <eo
448 2712 598 2784 quod
636 2711 1127 2768 enumerationem
1159 2712 1337 2768 ducat
1377 2730 1563 2786 usque
1602 2712 1672 2768 ad
1704 2711 1987 2768 Liberium
2019 2710 2245 2771 Pontifi-

323 2812 490 2879 cem),
538 2810 759 2865 duabus
802 2811 1061 2884 partibus
1100 2817 1342 2882 constat,
1387 2830 1633 2884 quarum
1679 2811 1834 2886 prior
1863 2809 2070 2866 desinit
2113 2827 2244 2866 cum

314 2892 376 2962 S.
407 2906 679 2961 Pontiano
709 2906 878 2979 Papa,
907 2902 964 2961 id
995 2914 1099 2979 est,
1138 2928 1287 2964 anno
1316 2910 1426 2966 255
1454 2930 1465 2978 ;
1505 2910 1680 2965 altera
1706 2929 1836 2966 vero
1861 2928 2044 2982 usque
2071 2909 2139 2965 ad
2159 2908 2244 2964 Li-

323 3003 464 3059 herii
514 3002 906 3077 pontificatum
964 3005 1337 3078 protrahitur.
1391 3005 1558 3060 Porro
1620 3005 1850 3075 eruditi,
1903 3005 2052 3060 inter
2102 3023 2246 3077 quos

319 3100 626 3157 Mommsen
656 3103 710 3174 (e
729 3107 877 3157 secta
903 3102 1385 3176 protestantium),
1415 3120 1515 3176 pro
1545 3102 1833 3176 explorato
1861 3102 2069 3157 habent
2097 3101 2245 3176 prio-

317 3216 437 3254 rem
471 3198 605 3254 dicti
633 3199 863 3272 cataloyi
889 3206 1105 3274 partem
1137 3220 1260 3258 esse
1292 3201 1644 3275 ipsissimum
1673 3201 2006 3271 chronicon,
2038 3203 2189 3276 quod
2213 3223 2243 3260 a

317 3303 509 3354 sancto
528 3298 823 3373 Hippolyto
851 3299 1227 3374 compositum
1259 3299 1434 3355 fuisse
1453 3299 1685 3355 aliunde
1715 3305 1933 3356 certum
1953 3306 2055 3356 est.
2088 3301 2242 3373 (Vide

317 3396 451 3452 dieti
501 3397 809 3453 Mommsen
859 3397 1306 3454 Dissertationem
1363 3399 2011 3473 historico-philoloyicam
2057 3398 2240 3470 Regia}

319 3492 606 3550 Societatis
639 3495 1032 3567 scientiarum,
1062 3496 1121 3551 in
1149 3497 1411 3569 Saxonia,
1442 3503 1483 3552 t.
1509 3498 1551 3569 Ι,
1575 3518 1632 3573 p.
1660 3498 1794 3554 634.
1821 3527 1890 3536 —
1910 3496 1971 3550 Et
1998 3495 2237 3552 citatum

324 3591 499 3661 patris
526 3593 764 3652 Perrone
789 3595 1153 3670 opusculum,
1181 3597 1292 3655 San
1311 3598 1494 3655 Pietro
1529 3601 1586 3654 in
1614 3598 1806 3665 Roma,
1830 3615 1887 3669 p.
1921 3596 2040 3669 59.)
2068 3597 2238 3654 Porro

327 3684 510 3742 dictus
568 3692 856 3765 catalogus
914 3695 1166 3767 primum
1234 3695 1619 3755 Romanorum
1681 3691 2017 3767 Episcopum
2080 3694 2237 3768 ponit
