2372 4108
332 269 390 316 60
1006 256 1301 304 TRACTATUS
1333 257 1398 302 DE
1431 257 1581 305 PAPA.
1625 283 1628 286 ·

336 392 464 430 rum
498 374 675 448 ipsius
701 367 950 444 corporis
980 366 1172 420 Romae
1211 363 1530 421 extantium
1574 370 1846 440 perpetua
1894 366 2256 423 veneratione

336 490 552 528 necnon
606 468 949 542 templorum
987 463 1175 520 Romae
1227 468 1545 520 erectorum
1587 463 1646 518 in
1693 464 2030 520 memoriam
2074 464 2255 520 sancti

334 567 478 624 Petri
506 566 691 620 Romae
722 564 1000 640 Episcopi,
1039 563 1304 619 confluxu
1331 561 1586 618 fidelium
1626 561 1882 635 undique
1897 563 2136 619 Romam
2166 580 2257 618 ve-

334 663 613 719 nientium
646 668 708 718 ut
743 668 1084 719 venerentur
1120 667 1173 718 et
1209 666 1435 718 catenas
1462 661 1672 734 quibus
1708 661 1896 716 Romae
1933 660 2144 733 ligatus
2171 665 2257 716 est

330 760 526 817 Petrus
549 766 602 816 et
632 761 812 836 ipsius
858 761 1107 835 corporis
1154 776 1345 816 sacras
1376 758 1671 832 reliquias,
1713 764 1765 815 et
1794 762 1857 813 ut
1889 756 2138 813 invisant
2165 774 2256 812 ur-

332 859 457 915 bem
497 878 668 932 quam
703 859 972 915 cathedra
1014 876 1114 913 sua
1147 863 1201 915 et
1228 863 1409 914 morte
1441 855 1744 914 illustravit
1784 862 1836 912 et
1864 854 2252 920 sanctificavit,

242 973 245 975 ’
331 958 752 1034 praeeminentia
779 958 933 1015 Sedis
950 958 1237 1028 Romanae,
1267 964 1320 1014 et
1352 956 1590 1014 solemni
1623 962 1793 1028 atque
1817 954 2101 1011 constanti
2128 971 2256 1029 pro·
2340 965 2346 973 ·

330 1058 596 1128 sessione,
619 1064 741 1115 tum
773 1077 1129 1115 summorum
1156 1056 1490 1122 Pontificum
1521 1055 1618 1129 qui
1640 1055 1864 1131 publice
1891 1072 2014 1111 sese
2048 1060 2256 1127 gerunt

333 1154 480 1213 sedis
511 1164 562 1213 et
587 1157 936 1214 auctoritatis
961 1156 1106 1212 Petri
1133 1156 1319 1212 Romae
1338 1155 1549 1212 mortui
1581 1171 1954 1223 successores,
1976 1159 2099 1209 tum
2135 1170 2255 1208 om-

331 1256 493 1311 nium
539 1258 949 1313 catholicorum
995 1256 1093 1330 qui
1133 1256 1416 1312 Romanos
1461 1255 1757 1312 Pontifices
1798 1260 2144 1312 venerantur
2190 1259 2256 1310 ut

333 1373 684 1412 successores
712 1355 1003 1429 dignitatis
1032 1362 1084 1412 et
1119 1354 1472 1410 auctoritatis
1508 1354 1689 1410 sancti
1719 1354 1902 1421 Petri;
1931 1358 1985 1409 et
2020 1352 2256 1427 insuper

328 1454 721 1509 testimonium
750 1454 902 1509 istud
923 1459 1007 1508 est
1031 1453 1100 1508 de
1118 1452 1265 1508 facto
1286 1471 1385 1526 per
1412 1469 1469 1507 se
1491 1451 1741 1507 maxime
1759 1450 2038 1518 sensibili,
2066 1449 2250 1518 obvi0,

330 1551 554 1624 publico
605 1557 656 1607 et
701 1551 1020 1606 innumeris
1075 1549 1316 1605 testibus
1360 1554 1608 1624 patente,
1660 1548 2097 1622 gravissimique
2134 1565 2253 1603 mo-

327 1650 524 1706 menti.
554 1650 1139 1723 Atquitestimonium
1180 1649 1248 1704 de
1274 1648 1375 1703 tali
1407 1647 1552 1703 facto
1575 1666 1688 1702 non
1709 1647 1878 1702 aliam
1921 1648 2130 1703 habere
2157 1664 2254 1721 po-

327 1749 438 1804 tuit
471 1747 702 1804 causam
739 1767 911 1820 quam
942 1748 1071 1803 facti
1097 1747 1412 1802 veritatem.
1454 1746 1671 1801 Etenim
1719 1751 1893 1801 testes
1932 1746 2098 1801 istius
2118 1745 2253 1801 faeti

326 1852 442 1916 tam
465 1847 629 1901 multi
652 1853 703 1902 et
736 1846 873 1901 adeo
893 1846 1162 1900 omnibus
1181 1843 1503 1900 rationibus
1524 1843 1753 1912 diversi,
1773 1862 1977 1918 nempe
1996 1843 2249 1917 ingenio,

329 1945 607 2016 moribUS,
630 1945 973 2013 conditione,
993 1944 1202 2012 indole,
1222 1942 1451 2012 studiis,
1474 1948 1580 1997 etc.
1596 1986 1608 2009 ,
1628 1960 1730 1998 nec
1747 1941 1929 2015 decipi
1946 1947 2042 1996 aut
2065 1959 2254 1998 errare

328 2051 658 2121 potuerunt,
690 2064 792 2102 nec
815 2045 1073 2119 decipere
1101 2044 1425 2110 voluerunt,
1452 2060 1555 2098 nec
1584 2041 1753 2097 etiam
1788 2046 2118 2115 potuerunt;
2151 2059 2254 2098 nec

325 2150 410 2202 tot
428 2144 734 2220 scriptores
759 2143 1098 2218 gravissimi,
1139 2149 1190 2200 et
1215 2160 1458 2216 quorum
1488 2140 1655 2195 multi
1685 2139 1919 2196 fuerunt
1953 2140 2100 2196 facto
2126 2159 2254 2215 pro-

326 2244 551 2320 pinqui,
589 2244 648 2299 in
684 2262 931 2301 errorem
972 2243 1165 2299 induci
1200 2247 1530 2318 potuerunt,
1575 2258 1761 2313 neque
1788 2259 2035 2297 errorem
2067 2246 2254 2297 trans-

327 2343 552 2400 mittere
578 2368 587 2411 3
619 2340 833 2400 nec‘tot
866 2350 918 2400 et
951 2348 1066 2399 tam
1111 2341 1387 2398 solemnia
1419 2345 1791 2397 monumenta
1818 2345 1938 2395 orta
1984 2338 2250 2410 fuissent,

328 2441 374 2497 si
401 2440 545 2498 facta
573 2443 690 2497 haec
722 2460 837 2498 non
885 2441 1225 2512 extitissent,
1279 2445 1332 2495 et
1377 2439 1422 2496 si
1476 2457 1671 2495 eorum
1726 2437 1931 2493 veritas
1960 2441 2252 2511 perspecta

327 2557 442 2595 non
473 2540 693 2597 fuisset.
714 2541 867 2597 Unde
885 2540 1077 2596 omnia
1105 2538 1288 2596 media
1316 2538 1527 2612 quibus
1546 2538 1827 2594 factorum
1847 2535 2251 2592 historicorum

324 2638 528 2695 veritas
560 2639 628 2694 ad
669 2639 1058 2712 generationes
1100 2639 1512 2694 remotissimas
1558 2642 1709 2694 certo
1760 2634 2034 2711 pervenit,
2087 2633 2253 2690 factis

326 2735 450 2792 istis
495 2743 611 2793 tota
648 2756 778 2794 cum
829 2737 1075 2794 efficacia
1117 2736 1516 2813 applicantur3
1578 2755 1710 2792 cum
1747 2732 2094 2809 paucissima
2135 2731 2250 2787 sint

326 2833 471 2887 sacta
501 2852 626 2906 quae
661 2841 741 2890 tot
782 2832 1034 2898 veritatis
1072 2835 1299 2891 indiciis
1349 2840 1401 2890 et
1433 2833 1611 2907 signis
1654 2831 1899 2888 illustria
1932 2830 2066 2888 sint.
2104 2829 2253 2902 Ergo

329 2928 383 2984 1ο
412 2929 633 2986 Ratione
661 2931 919 3003 qenerali,
949 2937 1144 2988 ete.—
1173 2932 1228 2986 2⁰
1259 2931 1535 2986 Probatur
1560 2930 1730 2985 etiam
1756 2931 1964 2984 ratione
1989 2926 2210 3000 speciali
2232 2947 2250 2980 .·

317 3046 458 3110 ¹nam
496 3028 642 3086 facta
674 3031 790 3085 haec
832 3048 946 3085 non
978 3029 1231 3099 fuerunt,
1271 3028 1441 3085 sicuti
1485 3028 1757 3102 pleraque
1799 3027 1944 3082 sacta
2000 3024 2254 3106 historiae

325 3127 595 3201 profanae,
646 3128 1070 3195 indifferentia;
1111 3126 1208 3183 sed
1252 3125 1487 3183 fuerunt
1530 3124 1677 3180 facta
1727 3124 2010 3197 religiosa,
2045 3140 2249 3197 nempe

324 3227 665 3302 pertinentia
701 3228 771 3284 ad
802 3229 984 3303 ipsam
1026 3226 1516 3284 fundamentalem
1561 3223 2028 3281 constitutionem
2081 3221 2255 3279 socie--

323 3327 456 3383 tatis
474 3327 798 3384 christianae
833 3333 884 3385 et
917 3327 1173 3385 Ecclesiae
1215 3326 1526 3396 catholicae,
1557 3342 1795 3398 quaeque
1828 3321 2052 3379 admitti
2076 3321 2242 3377 debe-
2307 3381 2314 3391 ⁴

326 3425 460 3482 bant
488 3427 575 3483 vel
601 3432 876 3500 tanquam
908 3427 1200 3501 religionis
1231 3426 1518 3499 dogmata,
1545 3424 1632 3482 vel
1663 3429 1937 3496 tanquam
1966 3417 2245 3474 conditio-

330 3538 429 3576 nes
478 3526 809 3583 necessariae
850 3532 1136 3583 certorum
1193 3524 1518 3599 dogmatum
1545 3547 1557 3591 ;
1609 3540 1805 3580 eorum
1859 3516 2072 3575 scilicet
2123 3535 2254 3591 quae

332 3618 656 3688 exprimunt
685 3623 950 3680 Ecclesiae
969 3622 1434 3680 constitutionem
1466 3627 1519 3678 et
1545 3617 1905 3694 apostolicam
1938 3614 2248 3670 successio-

332 3724 462 3768 nem
496 3732 526 3769 a
553 3715 770 3776 Christo
789 3721 911 3795 ipso
931 3738 1252 3793 expressam
1273 3725 1328 3774 et
1347 3717 1779 3774 determinatam
1805 3734 1816 3780 ;
1848 3711 1997 3768 unde
2015 3730 2082 3768 ex
2108 3711 2252 3768 veri-
