2410 4114
290 227 348 274 16
970 223 1261 270 TRACTATUS
1292 223 1357 269 DE
1389 222 1533 269 PAPA.

290 341 474 410 potest
509 335 727 408 absque
757 332 938 407 ipsius
966 331 1303 388 auctoritate
1341 329 1581 404 ingredi.
1612 329 1756 402 Ergo
1785 332 1889 387 hoc
1910 331 2030 406 ipso
2061 331 2210 404 quod

290 435 477 491 claves
505 432 664 507 regni
710 430 983 488 coelorum
1024 431 1185 487 Petro
1214 430 1357 486 datae
1398 429 1530 500 sint,
1573 428 1772 485 nullus
1799 447 2041 504 regnum
2067 429 2212 485 illud

293 533 525 589 introire
552 535 756 606 potest,
793 529 907 586 nisi
933 547 1058 586 sese
1075 529 1235 586 Petro
1259 547 1361 586 seu
1387 529 1535 586 Petri
1566 529 1891 586 auctoritati
1922 530 2209 604 subjiciat.

289 630 430 703 Ergo
454 635 644 686 textus
676 628 783 684 iste
811 628 1013 702 probat
1038 627 1200 684 Petro
1231 627 1499 687 collatam
1547 645 1576 682 a
1615 626 1834 683 Christo
1862 626 2045 683 fuisse
2074 644 2206 682 auc-

289 729 580 786 toritatem
606 746 778 802 super
799 746 1020 798 omnes,
1044 745 1144 785 seu
1185 727 1497 803 primatum
1517 726 1957 801 jurisdictionis

332 810 336 813 ,
367 828 456 884 Ill.
501 827 582 884 Em
609 829 780 884 verbis
819 827 1043 898 Christi,
1073 847 1389 890 ocoocumouss
1432 846 1686 882 LloAvssms
1725 845 1876 881 SUPER
1916 845 2218 882 manau.—

290 927 430 983 Nam
463 927 651 983 verbis
686 926 812 983 istis
836 945 1093 1001 personae
1119 927 1269 984 Petri
1294 927 1583 983 confertur
1614 926 1895 994 absolute,
1927 925 2221 982 universa-

292 1026 424 1082 liter
451 1032 504 1082 et
531 1026 653 1082 sine
697 1025 814 1081 ulla
851 1026 1177 1100 exceptione
1215 1032 1466 1101 potestas
1493 1025 1708 1099 ligandi
1740 1032 1911 1099 atque
1946 1024 2222 1097 solvendi,

295 1131 355 1181 ut
388 1131 541 1199 patet
569 1143 636 1181 ex
669 1125 836 1181 verbo
887 1126 1270 1198 quodcumque.
1318 1125 1474 1181 Unde
1500 1125 1697 1181 Petrus
1731 1124 1913 1198 ligare
1945 1123 2130 1198 potuit
2156 1141 2219 1180 ea

295 1225 420 1298 q'uae
467 1224 535 1279 ab
574 1223 701 1280 aliis
733 1231 920 1280 essent
949 1224 1154 1296 soluta,
1197 1231 1249 1281 et
1285 1224 1500 1281 solvere
1534 1242 1658 1298 quae
1694 1223 1940 1279 fuissent
1978 1223 2047 1278 ab
2095 1222 2223 1278 aliis

297 1322 753 1396 quibuscumque
780 1323 974 1395 ligata.
1018 1324 1078 1378 Et
1127 1323 1262 1378 hinc
1303 1323 1570 1379 damnata
1619 1330 1702 1379 est
1752 1342 1782 1380 a
1823 1323 2004 1378 Leone.
2061 1321 2122 1389 X,
2166 1322 2225 1393 in

293 1420 448 1475 bulla
475 1420 690 1493 Exurqe
713 1422 960 1490 Domine,
991 1424 1110 1478 haec
1130 1422 1404 1494 vigesima
1436 1430 1591 1478 sexta
1616 1422 1847 1478 Lutheri
1867 1420 2218 1495 propositio:

293 1517 516 1573 Verbum
535 1518 741 1574 Christi
771 1519 841 1572 acl
870 1520 1115 1574 Petrum:
1140 1518 1521 1592 Quodcumque
1544 1519 1772 1574 solveris
1803 1537 1965 1591 super
1996 1528 2222 1587 terram,

289 1623 412 1689 eta,
441 1618 750 1672 extenditur
768 1618 1035 1673 duntaxat
1066 1618 1136 1673 ad
1161 1618 1329 1690 Iiyata
1349 1621 1413 1673 ab
1446 1622 1558 1691 ipso
1588 1618 1773 1674 Petro.
1801 1618 1922 1674 Jam
1951 1636 2081 1673 vero
2106 1619 2225 1674 haec

289 1717 453 1789 plena
491 1716 710 1788 ligandi
738 1724 791 1771 et
822 1716 1073 1771 solvendi
1123 1723 1403 1788 potestaS,
1436 1716 1666 1772 involvit
1703 1716 2098 1772 auctoritatem
2126 1734 2219 1772 su-

290 1814 569 1888 periorem
593 1814 685 1869 cui
714 1832 911 1869 omnes
940 1814 1231 1888 subjacere
1250 1814 1514 1881 debeant,
1537 1821 1590 1871 et
1616 1832 1739 1888 quae
1760 1815 1938 1888 possit
1958 1816 2216 1871 omnium

292 1912 534 1968 aliorum
576 1919 790 1969 statuta
832 1912 1169 1969 confirmare
1219 1919 1318 1969 aut
1365 1913 1697 1987 infringere.
1739 1914 1939 1988 Arguit
1981 1915 2220 1989 proinde

292 2010 684 2066 auctoritatem
733 2030 838 2085 qua
868 2010 1046 2083 possit
1096 2012 1317 2084 Petrus,
1352 2029 1744 2085 quascumque
1774 2014 1926 2085 leges
1980 2014 2048 2069 de
2087 2012 2217 2082 fide,

291 2109 547 2166 moribus
574 2116 627 2166 et
650 2110 959 2166 universali
988 2110 1289 2184 disciplina
1319 2110 1562 2167 edicere.
1595 2111 1738 2184 Ergo
1765 2112 1934 2168 verba
1961 2114 2078 2169 haec
2105 2112 2219 2187 pri-

292 2215 509 2265 matum
546 2209 964 2282 jurisdictionis
1008 2209 1359 2283 exprimunt.

368 2307 609 2381 objicies.
649 2341 718 2348 —
746 2308 967 2364 Similia
996 2309 1163 2364 verba
1205 2308 1414 2364 direxit
1471 2308 1726 2365 Christus
1768 2310 1838 2365 ad
1877 2309 2017 2365 alios
2046 2310 2216 2366 etiam

289 2407 584 2479 Apostolos
615 2430 625 2462 :
657 2406 1008 2480 Quaecumque
1032 2409 1350 2479 liyaveritis',
1386 2413 1494 2463 etc.
1525 2407 1895 2478 (Matth.xv111,
1923 2408 2037 2479 18).
2072 2408 2214 2481 Ergo

291 2504 432 2560 sicut
480 2507 651 2562 verba
676 2507 794 2562 haec
822 2524 935 2561 non
979 2505 1214 2580 probant
1240 2506 1549 2579 primatum
1570 2505 1994 2579 jurisdictionis
2024 2505 2216 2580 quoad

290 2602 451 2673 alios,
489 2621 590 2659 nec
618 2605 859 2677 probant
893 2606 1079 2678 quoad
1114 2605 1370 2663 Petrum.

365 2700 699 2773 Respondeo.
732 2738 802 2745 —
820 2704 1056 2770 Quando
1081 2704 1246 2760 verba
1274 2705 1390 2760 haec
1424 2704 1494 2759 ad
1519 2703 1813 2778 Apostolos
1835 2701 2093 2758 Christus
2122 2702 2208 2758 di·

291 2797 454 2867 rexit,
502 2799 690 2855 aderat
741 2801 934 2856 Petrus
972 2821 1102 2857 curn
1148 2803 1251 2860 eis.
1289 2802 1443 2859 Unde
1479 2802 1646 2859 verba
1679 2803 1798 2856 haec
1847 2799 2212 2875 interpretari

291 2903 530 2968 possunt
556 2897 660 2951 hoc
679 2914 870 2968 sensu,
901 2898 1051 2971 quod
1070 2899 1316 2972 Apostoli
1338 2905 1673 2972 potestatem
1696 2898 2012 2972 receperint
2040 2899 2214 2972 quod-

292 3011 535 3066 cumque
587 2995 798 3067 ligandi
844 3003 896 3052 et
945 2996 1222 3065 solvendi,
1255 3003 1535 3070 quatenus
1572 3002 1805 3068 agerent
1844 2995 2217 3069 collegialiter

292 3109 422 3147 cum
461 3093 644 3168 capite
670 3112 773 3150 suo
800 3095 979 3163 Petro,
1026 3095 1083 3150 id
1116 3102 1222 3164 est,
1258 3095 1503 3169 ipsomet
1534 3094 1693 3151 Petro
1728 3113 1855 3150 cum
1886 3094 1967 3151 eis
1997 3094 2213 3168 ligante

292 3207 353 3244 ac
383 3189 632 3248 solvente
663 3210 812 3247 :non
840 3198 1031 3248 autem
1062 3191 1111 3249 si
1146 3199 1378 3263 agerent
1411 3199 1696 3267 quatenus
1724 3191 1961 3266 singuli,
1992 3192 2080 3248 vel
2100 3192 2215 3249 dis-

294 3287 569 3345 sentiente
582 3289 765 3364 capite
786 3309 890 3347 suo
916 3291 1095 3348 Petro,
1114 3291 1245 3365 ista,
1274 3291 1530 3366 inquam,
1554 3291 1968 3366 interpretatio,
1990 3291 2201 3349 nedum

293 3394 587 3460 repugnet,
616 3388 888 3446 suadetur
912 3408 942 3447 e
976 3396 1170 3446 contra
1202 3408 1269 3447 ex
1305 3390 1734 3448 circumstantia
1757 3390 1880 3462 illa,
1904 3391 2052 3465 quod
2069 3395 2206 3444 tunc

293 3481 540 3555 Apostoli
589 3487 910 3562 congregati
936 3488 1244 3546 existerent
1278 3508 1409 3546 cum
1429 3492 1605 3547 Petro.
1634 3490 1874 3546 Aliunde
1900 3491 2094 3542 autem
2116 3502 2210 3541 ve-

294 3597 415 3636 ram
447 3599 570 3638 esse
601 3584 1130 3660 interpretationem
1174 3589 1342 3646 istam
1383 3590 1638 3665 rigorose
1685 3589 2111 3644 demonstratur
2140 3602 2208 3641 ex

294 3677 422 3734 aliis
445 3681 633 3736 verbis
671 3684 777 3739 soli
806 3685 965 3742 Petro
989 3687 1239 3744 directis,
1270 3688 1408 3743 Nam
1433 3688 1642 3744 falsum
1666 3701 1791 3740 esse
1829 3681 2027 3755 nequit
2056 3681 2206 3755 quod
