2372 4108
334 261 391 307 -μ
1006 247 1305 294 Telemus
1336 247 1410 293 nn
1433 247 1577 294 mm.

330 367 427 440 jus
452 358 843 440 ,successionis
898 356 957 412 in
1001 354 1253 411 Primatu
1288 354 1469 411 sancti
1522 355 1695 426 Petri,
1740 357 2051 416 dummodo
2074 359 2250 417 simul

330 462 668 520 concedatur
709 460 970 512 sanctum
1006 453 1236 511 Petrum
1268 453 1654 510 Romanorum
1685 453 2022 531 Episcopum
2044 458 2245 516 fuisse.

331 558 486 623 Quod
508 562 697 611 autem
722 551 992 628 possibile
1035 551 1209 609 fuerit
1237 558 1499 624 sanctum,
1529 553 1756 609 Petrum
1782 554 2047 612 Romanae
2084 556 2246 613 urbis

329 654 666 728 Episcopum
689 669 832 722 esse,
855 651 1117 725 quamvis
1145 669 1441 725 nunquam
1459 652 1645 708 Romae
1663 651 1858 721 fuerit,
1886 658 2038 728 patet
2059 669 2246 711 exem-

325 752 419 827 plo
439 751 693 826 plurium
714 751 1096 807 Romanorum
1118 749 1551 826 Episcoporum3
1582 750 1737 806 verbi
1761 751 1965 824 gratia,
1993 751 2242 808 Clemen-

326 851 399 908 tis
431 850 493 919 V,
530 850 762 906 Joannis
787 849 941 922 XXII,
980 849 1279 906 Clementis
1305 850 1390 920 VI,
1433 849 1748 905 Innocentii
1781 849 1869 918 VI,
1898 849 1995 924 qui
2030 842 2089 905 in
2118 850 2242 906 Gal-

320 950 416 1006 liis
452 949 723 1019 ordinati,
763 949 839 1005 ibi
886 967 1109 1024 semper
1148 956 1503 1005 manserunt.
1554 948 1729 1021 Igitur
1778 948 1877 1021 qui
1911 948 2243 1004 concederet

317 1049 373 1105 S.
408 1050 633 1106 Petrum
678 1049 939 1105 Romanae
972 1049 1134 1105 urhis
1171 1049 1508 1124 Episcopum
1545 1048 1742 1119 fuisse,
1782 1055 1836 1104 et
1867 1048 2242 1104 nihilominus

319 1149 496 1206 simul
525 1157 755 1223 negaret
790 1168 920 1206 eum
955 1168 1211 1223 unquam
1235 1149 1422 1205 Romae
1441 1150 1642 1215 fuisse,
1671 1147 1979 1205 enormiter
2010 1147 2238 1222 quidem

318 1255 530 1306 erraret
553 1249 612 1304 in
635 1249 870 1305 materia
896 1249 1163 1324 historica
1188 1273 1197 1307 ;
1225 1239 1287 1304 'is
1303 1254 1493 1304 tamen
1526 1267 1684 1305 error
1710 1266 1810 1323 per
1833 1266 1892 1303 se
1923 1247 2088 1303 fidem
2126 1265 2238 1302 non

318 1348 565 1419 laederet,
602 1349 862 1422 quamvis
896 1351 1210 1405 temeritatis
1240 1348 1439 1404 saltem
1485 1356 1619 1405 nota
1652 1347 1794 1405 mihi
1830 1346 2088 1403 videatur
2111 1364 2237 1421 per-

311 1446 695 1518 stringendus

387 1543 684 1599 Secundum
709 1543 944 1611 factum,
973 1543 1029 1598 id
1067 1551 1172 1611 est,
1213 1543 1363 1616 quod
1395 1549 1628 1598 sanctus
1661 1543 1858 1598 Petrus
1885 1543 2070 1598 Romae
2103 1559 2238 1597 ‘mor-

309 1653 428 1699 tuus
451 1645 542 1712 sit,
582 1643 795 1718 pariter
830 1643 1217 1699 necessarium
1239 1662 1351 1698 non
1376 1650 1460 1698 cst
1488 1643 1556 1697 ad
1581 1644 1686 1697 hoc
1720 1650 1782 1698 ut
1809 1642 1862 1698 S.
1890 1643 2089 1698 Petrus
2113 1641 2235 1697 fue-

307 1742 382 1798 rit
405 1743 668 1798 Romanae
702 1742 860 1797 urbis
889 1743 1196 1816 Episcopus
1242 1750 1293 1797 ct
1340 1741 1574 1796 Romani
1617 1741 1911 1796 Antistites
1960 1759 2089 1796 vere
2121 1740 2234 1798 sint

307 1840 486 1896 sancti
510 1841 655 1896 Petri
682 1858 1055 1895 successores
1094 1840 1286 1895 Plures
1314 1840 1464 1895 enim
1499 1839 1734 1894 Romani
1769 1839 2086 1907 PontificeS,
2116 1858 2230 1895 non

304 1936 514 2009 Romae,
549 1938 644 1993 sed
677 1937 834 2007 alibi,
856 1937 1156 2003 obierunt3
1189 1937 1346 1993 verbi
1375 1937 1578 2010 gratia,
1613 1937 1868 1992 Clemens
1894 1937 1913 1990 Ι
1936 1937 1994 1991 in
2028 1938 2222 2006 Ponte,

302 2035 609 2092 Pontianus
643 2036 702 2091 in
734 2037 1024 2106 Sardania,
1065 2038 1345 2111 Agapetus
1381 2035 1882 2110 Constantinopoli,
1917 2041 2022 2091 etc.
2052 2036 2220 2091 Error

300 2133 534 2206 proinde
558 2153 668 2208 quo
695 2142 997 2207 negaretur
1027 2135 1079 2190 S.
1109 2136 1331 2191 Petrum
1361 2135 1547 2190 Romae
1570 2135 1802 2207 obiisse,
1823 2134 2219 2190 crassissimus

305 2231 532 2304 quidem
568 2234 732 2303 foret,
757 2235 869 2290 imo
904 2242 955 2291 et
985 2237 1321 2303 temerariae,
1353 2242 1546 2310 utpote
1571 2235 1964 2290 contradicens
1991 2236 2219 2291 univer-

296 2332 397 2387 sali
447 2352 508 2388 ac
567 2342 852 2409 perpetuae
896 2335 1155 2391 Ecclesiae
1211 2335 1527 2404 traditioni,
1588 2353 1698 2408 qua
1754 2340 2217 2390 consummatum

293 2430 480 2486 Romae
523 2450 552 2486 a
601 2433 760 2489 Petro
799 2434 1136 2508 martyrium
1177 2433 1438 2507 liturgicc
1480 2432 1764 2498 celebrat3
1800 2449 1900 2505 per
1931 2449 1992 2487 se
2025 2438 2215 2487 tamen

299 2530 518 2587 nullum
563 2532 785 2590 laederet
826 2533 952 2590 fidei
1001 2534 1330 2591 articulum.
1360 2533 1497 2588 Ilinc
1529 2550 1642 2587 non
1668 2537 1751 2587 est
1798 2550 1899 2586 cur
1926 2531 1985 2586 in
2009 2548 2215 2605 expen-

293 2629 493 2686 dendis
516 2631 739 2687 duobus
766 2632 1050 2706 praedictis
1074 2632 1237 2690 factis
1263 2632 1480 2689 diutius
1510 2631 1904 2687 immoremur.
2142 2612 2169 2631 χ

364 2729 502 2784 Item
526 2731 869 2804 negligimus
903 2732 1114 2788 sactum
1142 2733 1248 2788 sub
1277 2749 1516 2788 numero
1544 2732 1577 2786 4
1601 2748 1771 2804 supra
1804 2734 2209 2796 memoratum,

293 2826 551 2884 videlicet
585 2830 735 2900 quod
783 2838 1012 2887 sanctus
1062 2833 1259 2887 Petrus
1310 2831 1486 2887 semel
1521 2837 1850 2904 susceptum
1894 2829 2210 2883 Romanuin

296 2923 680 2999 episcopatum
716 2945 1034 2999 numquam
1081 2929 1361 2984 dimiserit
1385 2935 1437 2984 ct
1464 2947 1594 2983 cum
1615 2928 1726 2983 alio
1753 2926 2206 2984 commutaverit.

292 3022 430 3077 Nam
454 3023 522 3078 ad
556 3023 960 3080 vindicandum
1000 3026 1268 3082 Romanis
1307 3026 1669 3082 Pontificibus
1696 3026 2032 3100 primatum,
2075 3020 2240 3079 satis'

296 3128 377 3177 cst
410 3121 456 3176 si
489 3123 761 3197 probetur
790 3123 844 3179 S.
874 3124 1098 3180 Petrum
1134 3125 1396 3180 Romanae
1439 3124 1599 3180 urhis
1649 3124 1985 3198 Episcopum
2009 3122 2207 3193 fuisse,

293 3226 344 3274 et
375 3219 508 3275 huic
544 3220 671 3276 Sedi
711 3222 1023 3278 Primatum
1061 3241 1231 3278 suum
1276 3223 1556 3296 alligasse.
1586 3222 1761 3294 Igitur
1796 3222 1864 3278 de
1895 3221 2051 3277 hisce
2076 3221 2210 3276 duo-

295 3318 397 3372 bus
429 3317 649 3374 ultimis
678 3318 840 3376 factis
867 3319 1140 3377 duntaxat
1182 3321 1586 3396 expendemus,
1638 3339 1710 3375 an
1746 3325 1796 3375 et
1830 3326 2111 3392 quatenus
2138 3318 2207 3373 ad

293 3417 456 3473 tidem
482 3419 823 3492 pertincant.
