2372 4108
897 281 1023 329 PARS
1052 280 1221 328 PRIMA.
1743 316 1750 319 ,
1915 273 1998 320 121
2041 311 2046 317 .

118 396 318 455 nacula
368 412 478 451 non
515 390 795 466 reliquit»
843 392 1124 464 (sermone
1148 386 1215 456 ll,
1259 404 1382 462 cap.
1415 404 1470 454 11,
1524 383 1582 440 in
1628 380 2005 440 anniversario

0 490 2 564 J
121 491 484 550 ordinationis
510 489 670 561 suae).

0 571 1 602 ἶ
36 572 40 578 Δ
199 613 226 644 «
255 589 308 645 Si
335 588 469 662 quid
499 587 689 660 itaque
717 602 747 640 a
781 581 940 638 nobis
965 586 1116 637 recte
1144 580 1329 653 agitur
1353 585 1619 652 recteque
1642 575 2007 645 discernitur,

122 690 170 747 si
188 689 322 763 quid
354 706 384 743 a
410 682 792 742 misericordia
822 680 913 736 Dei
940 678 1288 752 quotidianis
1313 676 1824 752 supplicationibus
1867 674 2009 731 obti-

126 793 307 855 netur,
341 783 494 839 illius
517 787 600 838 est
628 797 860 855 operum
895 784 1063 849 atque
1087 776 1442 843 meritorum,
1473 773 1720 846 cujus'in
1748 773 1878 829 sede
1908 790 2011 828 sua

127 885 254 941 vivit
296 887 537 958 potestas
575 884 627 935 et
667 877 884 935 excellit
933 874 1237 931 auctoritas
1262 895 1290 926 »
1338 875 1528 945 (serm.
1563 870 1651 939 Ill,
1695 888 1906 944 cap.iv‚
1950 870 2010 926 in

131 979 500 1039 anniversario
524 975 889 1034 ordinationis
915 991 1030 1030 suae
1042 976 1100 1043 ¹).

208 1076 349 1132 «His
374 1075 560 1148 itaque
586 1072 787 1141 modis,
823 1067 1195 1137 dilectissimi,
1231 1066 1551 1123 rationabili
1582 1063 1848 1137 obsequio
1874 1064 2015 1120 cele-

133 1175 327 1231 bratur
346 1173 614 1230 hodierna
641 1170 910 1227 festivitas
929 1211 943 1238 ‚
973 1173 1034 1224 ut
1058 1167 1114 1222 in
1143 1184 1379 1241 persona
1408 1163 1742 1221 humilitatis
1768 1181 1903 1218 meae
1925 1163 2019 1219 ille

135 1273 493 1346 intelligatur,
528 1271 621 1325 ille
649 1272 968 1337 honoretur,
1003 1268 1060 1322 in
1081 1285 1192 1339 quo
1224 1272 1276 1322 et
1309 1265 1563 1321 omnium
1593 1270 1883 1338 pastorum
1911 1262 2019 1317 sol-

138 1370 363 1427 licitudo
390 1388 518 1425 cum
556 1366 1069 1422 commendatarum
1110 1364 1214 1419 sibi
1255 1363 1441 1418 ovium
1479 1362 1734 1417 custodia
1769 1378 2019 1435 persevc-

143 1474 259 1535 rat,
302 1474 353 1523 et
398 1466 557 1537 cujus
592 1462 758 1518 etiam
800 1460 1039 1531 dignitas
1082 1459 1306 1531 indigno
1350 1458 1567 1513 haerede
1622 1476 1732 1512 non
1775 1457 1960 1513 deficit
1990 1479 2016 1509 »

150 1564 421 1632 (sermone
441 1562 507 1629 11,
536 1578 655 1633 cap.
682 1577 752 1626 111,
778 1557 835 1611 in
855 1556 1232 1611 anniversario
1259 1554 1626 1610 ordinationis
1645 1555 1805 1624 suae).

226 1682 252 1711 «
282 1658 572 1733 subjungit
620 1662 805 1711 autem
846 1672 906 1708 se
954 1653 1020 1708 ad
1066 1653 1339 1708 rationem
1374 1652 1742 1708 solemnitatis
1782 1658 2015 1721 nostrae,

197 1823 210 1849 ¹
229 1822 344 1861 Non.
363 1820 554 1860 Romanis
575 1817 838 1858 Pontificibus
867 1817 1036 1857 solitum
1054 1817 1136 1857 fuit
1149 1828 1237 1858 sese
1256 1817 1437 1857 Vicat-ios
1461 1818 1582 1858 Petri
1598 1828 1858 1868 nuncupare,
1886 1821 1926 1858 et
1943 1818 2022 1858 hoc

140 1886 497 1929 etiamnomineab
513 1885 604 1926 aliis
616 1885 746 1926 vocati
765 1889 862 1925 sunt
879 1896 951 1931 ;ex
962 1896 1047 1936 quo
1060 1885 1188 1925 etiam
1197 1889 1311 1935 patet
1330 1883 1546 1936 persuasio
1563 1884 1613 1924 de
1628 1884 1773 1936 ipsoru
1831 1884 2018 1935 primatu

134 1953 454 2007 jurisdictionali
478 1953 522 1992 in
538 1952 779 1993 universam
797 1951 1034 1993 Ecclesiam.
1058 1944 1364 1992 Nonnullorum
1392 1950 1501 1992 dicta
1521 1951 1783 2003 subjicimus,
1831 1957 2020 2004 esumpta

140 2035 189 2062 ex
199 2022 388 2063 Constant
400 2021 614 2074 (Epistolae
626 2022 890 2062 Romanorum
902 2020 1158 2069 Pontificum,
1174 2019 1375 2072 praefatio,
1390 2031 1482 2070 pag.
1501 2018 1540 2069 9,
1555 2019 1654 2060 edit.
1671 2020 1854 2067 Parisiis,
1875 2019 1968 2059 1721
1983 2025 1992 2073 )
2008 2034 2016 2061 ε

143 2090 181 2130 S.
204 2090 278 2130 Leo
299 2103 307 2129 :
332 2103 351 2128 α
375 2088 475 2128 Cum
499 2099 596 2139 ergo
620 2088 926 2129 cohortationes
953 2092 1115 2128 nostras
1140 2087 1316 2128 auribus
1339 2092 1491 2128 vestrae
1520 2087 1751 2128 sanctitatis
1781 2088 2024 2128 adhibemus

141 2158 279 2210 ipsum
301 2156 429 2205 vobis,
461 2158 578 2207 cujus
597 2157 686 2198 vice
710 2156 946 2207 fungimur,
971 2156 1085 2208 loqui
1107 2156 1263 2196 credite
1281 2169 1301 2195 ι)
1327 2158 1534 2202 (sermone
1549 2156 1610 2204 lv,
1634 2168 1667 2197 c.
1689 2170 1744 2207 iv,
1768 2157 1810 2196 in
1828 2156 2026 2198 anniver-

143 2225 251 2266 sario
269 2224 536 2265 ordinationis
554 2225 671 2270 suae).
694 2225 847 2265 [talibi
863 2224 1001 2276 (Epist.
1015 2223 1142 2275 XLVI,
1165 2235 1205 2262 n.
1223 2222 1260 2273 2)
1279 2224 1380 2264 dicit
1393 2235 1437 2264 se
1451 2224 1528 2265 sub
1545 2226 1636 2275 ejus
1650 2226 1815 2266 nomi-ne
1826 2225 2026 2265 Ecclesiae

138 2293 618 2344 mamere—Misenus
634 2293 868 2344 Episcopus,
881 2303 1049 2332 causam
1064 2304 1184 2332 suam
1200 2293 1425 2334 defendens
1437 2305 1578 2333 coram
1600 2293 1760 2334 Gelasio
1781 2293 1904 2344 Papa,
1922 2293 2024 2334 dicit

144 2370 285 2399 seearn
310 2370 433 2410 agere
460 2360 502 2400 in
525 2363 742 2411 conspecta
759 2359 881 2400 Petri
904 2360 1078 2410 eju-sque
1092 2358 1242 2400 vicarii
1260 2359 1427 2412 (Gelasii
1445 2361 1568 2413 epist.
1590 2360 1657 2413 27,
1687 2374 1730 2401 n.
1749 2360 1805 2413 5).
1826 2386 1879 2391 —
1902 2362 2025 2414 Sym-

147 2427 312 2467 machus
327 2427 435 2478 Papa
456 2439 463 2466 :
492 2421 513 2466 ἀ
535 2429 694 2474 Quanta
715 2428 890 2470 vicariis
912 2428 1153 2468 Beatissimi
1176 2428 1296 2469 Petri
1314 2429 1494 2481 Apostoli
1514 2429 1777 2480 judicabitur
1800 2442 1891 2472 esse
1906 2443 2027 2471 reve-

153 2493 295 2541 rentia,
320 2493 370 2542 si,
397 2508 418 2534 1>
437 2499 514 2534 etc.
543 2493 676 2546 (Epist
695 2494 782 2547 ΙΙΙ).
803 2495 852 2534 Et
875 2494 984 2534 idem
1003 2494 1277 2545 Symmachus
1302 2496 1570 2547 imperatoris
1589 2498 1792 2539 Anastasii
1813 2504 2027 2538 contume-

150 2561 215 2601 liis
228 2566 482 2613 provocatus,
503 2562 559 2602 ita
583 2562 806 2614 respondet
825 2575 832 2602 :
861 2575 880 2601 α
901 2563 961 2602 An
987 2561 1086 2614 quia
1106 2561 1330 2615 imperator
1354 2576 1396 2604 es
1415 2570 1559 2604 contra
1585 2565 1695 2604 Petri
1716 2565 1864 2605 niteris
1884 2570 2026 2616 potes-

149 2634 271 2670 tatem
286 2630 308 2669 ?
324 2630 373 2670 Et
393 2630 467 2682 qui
497 2630 669 2670 Petrum
700 2630 1025 2670 Alexandrinum
1048 2632 1214 2682 recipis,
1234 2632 1401 2672 beatum
1418 2633 1676 2682 ‚Apostolum
1697 2632 1867 2673 Petrum
1885 2633 1930 2673 in
1953 2644 2028 2674 suo

149 2697 440 2750 qualicumque
461 2699 616 2739 vicario
635 2699 796 2739 calcare
823 2699 1039 2739 contendis
1061 2714 1079 2738 1>
1104 2698 1246 2753 (Epist.
1278 2701 1324 2747 X,
1354 2712 1396 2739 n.
1433 2699 1471 2751 7)
1487 2700 1572 2739 ‘?—
1588 2699 1813 2747 Ennodius,
1836 2700 2027 2751 Symma-

148 2763 214 2803 chi
242 2765 504 2815 synchronus
524 2764 581 2818 (in
595 2765 913 2816 Apoloqiafflag.
934 2763 1045 2815 5⁸24),
1068 2764 1167 2804 dicit
1186 2765 1235 2805 de
1251 2765 1431 2804 Romano
1450 2764 1648 2816 Episcopo
1670 2777 1678 2804 :
1700 2765 1801 2814 Quia
1819 2765 1931 2806 beati
1952 2766 2029 2805 Pe-

149 2831 209 2871 tri
235 2831 423 2882 Apostoli
440 2834 624 2874 vicarius
647 2834 896 2874 aestimalur.
916 2855 969 2862 —
985 2832 1091 2873 Julia
1127 2832 1267 2872 Anicia
1290 2832 1447 2884 gratias
1481 2844 1610 2883 agens
1632 2833 1862 2873 llorinisdae
1891 2834 2026 2885 Papoe,

144 2898 198 2939 ita
223 2899 367 2941 scribit
387 2914 394 2940 :
418 2914 437 2939 α
456 2900 569 2946 Quod
595 2902 645 2942 de
665 2907 819 2942 nostrae
837 2901 933 2941 tidei
957 2901 1198 2954 integritate
1216 2913 1359 2941 curam
1379 2900 1506 2953 geris,
1535 2902 1703 2949 vicariis
1721 2902 1892 2953 gloriosi
1912 2901 2030 2943 Petri

145 2968 222 3008 ista
245 2969 508 3019 conveniunt,
531 2969 597 3009 cui
616 2969 812 3010 Dominus
828 2970 1129 3021 pascendarum
1147 2970 1288 3010 ovium
1317 2970 1497 3021 injunxit
1528 2970 1714 3010 officium
1730 2984 1748 3008 n
1770 2970 1897 3023 (inter
1914 2970 2033 3022 Epis-

143 3037 246 3076 tolas
257 3036 496 3084 noi-inisdae,
511 3038 628 3087 epist.
646 3037 736 3089 1117)
747 3037 1017 3078 .—Romanos
1028 3037 1245 3078 Pontifices
1254 3038 1375 3079 Petri
1386 3038 1563 3079 vicarios
1575 3050 1769 3090 nuncupa
1775 3042 1837 3077 tos
1846 3037 2029 3088 reperies

145 3115 167 3143 a
186 3103 332 3154 vigilio
349 3104 471 3155 Papa,
493 3106 664 3156 epistola
685 3105 730 3146 lv
746 3107 798 3146 ad
818 3107 992 3151 Menam,
1013 3118 1055 3147 n.
1080 3107 1119 3148 2.
1141 3106 1244 3147 Item
1269 3118 1292 3147 a
1311 3112 1453 3147 sancto
1474 3107 1672 3158 Gregorio
1690 3107 1836 3158 Magno
1851 3107 1908 3160 (in
1928 3116 2032 3145 con-

147 3169 241 3208 cilio
275 3169 469 3217 Romano,
500 3172 612 3222 apud
637 3171 783 3220 Labbe,
808 3179 838 3213 t.
866 3173 910 3223 V,
934 3174 1009 3213 col.
1042 3172 1160 3221 1607,
1192 3179 1233 3214 et
1257 3174 1365 3226 apud
1400 3174 1639 3222 Baronium,
1674 3174 1726 3213 ad
1745 3183 1901 3212 annum
1919 3171 2030 3220 601).

202 3235 249 3274 ln
259 3235 443 3286 epistolis
458 3236 642 3287 Gregorii
661 3237 693 3277 11
707 3239 908 3282 insertam
930 3242 1109 3292 reperies
1130 3242 1354 3282 formulam
1367 3241 1599 3293 juramenti
1615 3241 1686 3279 aS.
1701 3238 1907 3279 Bonifacio
1916 3238 2035 3288 epis-

148 3316 247 3355 copo
270 3303 410 3344 emissi
426 3303 563 3343 Roinae
582 3316 691 3345 anno
708 3306 798 3355 7⁸22,
826 3308 869 3347 in
901 3320 983 3359 qua
1008 3309 1065 3348 sic
1083 3309 1290 3349 habetur:
1317 3324 1336 3348 α
1357 3310 1556 3349 Promitto
1579 3319 1656 3358 ego
1691 3305 1922 3346 Bonisacius
1959 3304 2029 3345 Dei

147 3371 283 3423 gratia
309 3371 528 3423 Episcopus
545 3370 620 3410 tibi
639 3371 756 3411 beato
774 3374 894 3414 Petro
909 3375 1196 3427 Apostolorum
1222 3376 1420 3426 Principi,
1439 3375 1676 3425 Vicarioque
1696 3379 1765 3413 luo
1787 3373 1905 3412 beato
1928 3373 2031 3414 Gre-

148 3438 264 3490 gorio
285 3438 419 3489 Papae,
440 3452 459 3476 ι)
489 3442 566 3477 etc.
590 3461 642 3466 —
658 3438 845 3479 Nicolaus
865 3440 882 3479 1
901 3441 943 3480 in
965 3442 1144 3491 Epistola
1168 3441 1256 3480 vill
1275 3442 1326 3481 ad
1346 3442 1582 3481 ltlicliaelem
1606 3441 1900 3493 imperatorem
1919 3454 1928 3481 :
1953 3441 2035 3482 Nec

150 3506 192 3545 in
217 3507 380 3547 vicariis
404 3505 517 3546 beati
539 3505 657 3546 Petri
680 3505 857 3557 Apostoli
876 3507 991 3547 vobis
1015 3512 1075 3547 est
1093 3507 1391 3558 attendendum
1409 3509 1482 3559 qui
1503 3508 1600 3556 sint,
1633 3508 1704 3549 sed
1730 3508 1829 3560 quid
1848 3520 1924 3560 pro
1940 3520 2037 3550 cor-

149 3573 328 3612 rectione
349 3572 639 3619 Ecclesiaruni,
661 3572 760 3623 quid
780 3584 856 3622 pro
872 3572 1004 3612 salute
1032 3577 1169 3613 vestra
1189 3577 1391 3624 satagant.
1415 3589 1434 3612 »
1453 3597 1507 3604 —
1522 3575 1633 3615 Ebbo
1656 3574 1926 3617 Floriacensis
1945 3577 2029 3617 Ab-

148 3638 236 3687 bas,
255 3641 407 3680 saeculo
419 3640 650 3687 x‚scribens
667 3640 716 3679 ad
728 3639 1011 3689 GregoriumV
1030 3639 1194 3690 Papam,
1215 3639 1315 3680 dicit
1330 3653 1425 3681 eum
1443 3641 1556 3683 beati
1579 3641 1768 3693 Apostoli
1781 3643 1901 3686 Petri
1917 3645 2026 3686 vices

148 3715 256 3747 'tunc
280 3706 323 3747 iu
348 3707 479 3748 terris
500 3717 626 3759 avere
648 3706 773 3759 (apud
793 3706 1004 3755 Constant,
1022 3706 1225 3757 praefatio,
1247 3719 1285 3759 p.
1306 3706 1346 3756 9,
1364 3707 1464 3750 edit.
1500 3707 1680 3758 Parisiis,
1703 3708 1840 3764 1721).
