2410 4114
959 282 1087 328 PARS
1118 280 1290 346 PRIMA.
2020 277 2076 323 15

191 397 277 449 cat
306 398 360 447 tu
384 407 435 446 es
469 389 652 445 Petrus
676 410 693 454 ‚·
736 393 791 445 et
815 403 943 444 eum
980 385 1283 458 alloquitur
1312 388 1374 441 ut
1414 382 1643 461 praemio
1674 381 1863 457 aliquo
1891 399 2079 439 remu-

186 495 340 547 neret
366 489 485 563 ejus
511 486 936 555 confessionem,
975 502 1087 557 qua
1125 483 1406 542 Christum
1445 482 1820 540 declaraverat
1843 500 1964 539 esse
1981 471 2094 539 Del*

187 590 289 644 vivi
315 588 502 660 lilium.
547 585 722 660 Igitur
750 581 1075 658 hypothesis
1109 581 1258 654 quod
1294 580 1546 639 Christus
1578 587 1702 656 post
1745 581 1910 638 verba
1942 581 2076 648 haec,

192 694 246 740 tu
265 704 317 741 es
340 685 546 749 Petrus,
582 680 772 738 statim
791 695 1105 736 sermonem
1136 677 1468 734 converterit
1486 678 1555 733 ad
1574 678 1740 734 aliam
1760 695 2079 753 personam,

188 781 274 837 vel
307 780 374 835 ad
408 776 618 851 aliquid
641 775 796 833 aliud
825 794 855 832 a
882 775 1041 832 Petro
1063 773 1367 847 diversum,
1411 772 1709 830 stultitiam
1735 779 1902 847 atque
1927 791 2083 848 aper-

192 882 305 932 tam
351 873 654 931 amentiam
694 873 752 928 in
785 871 1002 929 Christo
1043 876 1320 944 argueret.
1363 869 1502 944 Ergo
1537 886 1727 927 revera
1773 887 1932 926 voces
1964 869 2083 926 istae

191 993 350 1048 super
366 975 496 1030 hanc
509 979 715 1048 petram
746 971 1012 1044 aedificabo
1047 969 1336 1027 Ecclesiam
1374 987 1566 1042 meam,
1592 968 1661 1025 ad
1678 967 1976 1044 ipsammet
1993 967 2087 1023 Pe-

192 1071 264 1129 tri
290 1070 521 1145 apostoli
542 1087 839 1145 personam
872 1068 1084 1126 directa
1112 1073 1266 1125 sunt.
1295 1068 1432 1141 Ergo
1465 1067 1660 1124 Petrus
1681 1085 1808 1124 vere
1826 1085 1856 1124 a
1874 1065 2089 1122 Christo

192 1168 447 1225 Ecclesiae
490 1167 922 1224 fundamentum
965 1164 1301 1222 constitutus
1337 1171 1439 1221 est.

270 1264 465 1333 Terti0,
497 1263 644 1320 idem
674 1269 890 1321 constat
913 1281 980 1320 ex
1016 1281 1079 1320 eo
1123 1261 1270 1337 quod
1302 1261 1544 1337 praefatae
1570 1278 1752 1331 voceS,
1780 1278 1936 1334 super
1959 1261 2093 1316 hanc

189 1370 421 1436 petram,
455 1366 774 1419 constanter
802 1379 832 1417 a
867 1360 1076 1418 sanctis
1115 1360 1370 1417 Patribus
1407 1359 1473 1417 de
1505 1377 1743 1435 persona
1761 1358 1906 1415 Petri
1930 1357 2092 1414 intel-

195 1462 350 1518 lectae
391 1461 622 1518 suerint.
657 1461 932 1517 Nonnulla
973 1478 1167 1516 eorum
1202 1459 1305 1515 hac
1333 1451 1409 1514 dc¹
1436 1477 1496 1514 re
1538 1458 1685 1514 dicta
1726 1457 2088 1530 subjicimus:

196 1564 511 1614 —sanctus
534 1556 861 1613 Ambrosius
891 1556 949 1611 in
980 1557 1212 1630 hymno:
1234 1555 1342 1610 Hoc
1365 1556 1633 1628 (praecone
1650 1553 1782 1625 diei,
1814 1571 1910 1610 seu
1926 1553 2092 1627 gallo)

198 1659 313 1729 ipsa
326 1663 483 1729 petra
511 1655 759 1711 Ecclesiae
792 1661 1005 1710 canente
1030 1654 1236 1725 culpam
1258 1652 1432 1706 diluit.
1472 1683 1547 1691 —
1570 1650 1804 1707 Sanctus
1821 1652 2056 1708 Basilius
2080 1671 2090 1704 z

198 1751 404 1823 Petrus,
431 1758 650 1824 propter
682 1750 808 1821 fidei
844 1747 1214 1804 excellentiam
1253 1746 1498 1802 Ecclesiae
1537 1747 1942 1817 aedificationem
1968 1749 2022 1801 in
2042 1766 2097 1802 se

198 1851 440 1922 suscepit.
465 1881 529 1889 —
549 1848 975 1923 Chrysostomus
1001 1846 1291 1902 :Dominus
1327 1846 1488 1901 dicit:
1519 1844 1591 1900 Tu
1609 1844 1859 1900 esPetrus
1874 1853 2098 1918 etsuper

202 1954 251 2001 te
264 1947 552 2018 aedificabo.
581 1945 1062 2002 —Tertullianusz
1091 1944 1260 2018 Super
1279 1943 1496 2001 Petrum
1518 1943 2099 2015 aeclificavitEcclesiam

201 2063 370 2100 suam.
398 2077 467 2085 —
496 2045 732 2100 Sanctus
763 2044 1132 2119 Hieronymus
1156 2064 1167 2096 ι
1203 2043 1359 2099 Recte
1388 2042 1579 2098 dicitur
1602 2044 1650 2098 ei
1670 2042 1842 2115 (Petro
1865 2043 1879 2114 )
1905 2043 2100 2114 :aeclisi-

204 2143 326 2197 cabo
349 2141 637 2198 Ecclesiam·
670 2160 839 2198 meam
865 2160 1023 2216 super
1059 2149 1129 2196 te.
1162 2173 1232 2181 —
1259 2140 1493 2196 Sanctus
1533 2139 1875 2213 Augustinus
1906 2160 1916 2192 ε
1953 2139 2102 2194 Petri

204 2240 375 2312 sedes,
397 2242 510 2313 ipsa
527 2249 605 2296 est
619 2249 774 2313 petra
802 2258 964 2321 quam·
988 2257 1092 2295 non
1119 2240 1330 2294 vineunt
1354 2240 1587 2311 superbae
1604 2241 1892 2312 inferorum
1910 2246 2098 2311 portae.

206 2335 378 2398 Quem
426 2337 603 2393 sancti
647 2337 939 2410 Augustini
991 2342 1228 2406 textum,
1275 2355 1403 2392 curn
1451 2331 1643 2392 multis
1685 2335 1811 2392 aliis
1858 2337 2103 2392 referens

207 2433 333 2487 Pius
360 2434 502 2507 Papa
541 2435 626 2504 VI,
662 2434 720 2489 in
746 2434 900 2491 Brevi
928 2435 1095 2508 Super
1132 2435 1420 2504 soliditate,
1453 2434 1527 2490 ita
1555 2433 1842 2509 subjungit
1877 2454 1887 2486 :
1925 2455 1951 2486 «
1987 2435 2103 2498 Quo

214 2530 374 2585 «alia
407 2530 683 2586 refellitur
726 2532 1016 2606 scriptoris
1049 2532 1258 2606 (Eyhel)
1293 2532 1595 2600 calumnia,
1636 2533 1770 2587 dum
1812 2538 1981 2605 petrae
2010 2549 2105 2586 no-

214 2646 241 2676 «
270 2625 421 2682 mine
454 2645 806 2700 superquam
851 2627 1099 2684 Christus
1136 2627 1426 2683 aedificavit
1451 2626 1750 2682 Ecclesiam
1790 2646 1973 2696 suam,
1997 2647 2105 2683 non
2172 2681 2176 2686 .

216 2742 243 2775 «
276 2740 593 2796 personam,
648 2724 744 2779 sed
787 2723 951 2779 fidem
991 2730 1088 2779 aut
1129 2723 1535 2779 confessionem
1582 2722 1724 2779 Petri
1766 2723 1880 2779 vult
1922 2723 2107 2797 potius

219 2842 246 2873 «
277 2837 394 2876 esse
419 2820 859 2894 intelligendam.
890 2820 1056 2884 Quasi
1083 2821 1270 2876 Patres
1296 2820 1334 2875 ii
1375 2820 1494 2893 qui,
1540 2839 1638 2895 pro
1673 2820 1816 2877 mira
1841 2821 2108 2877 foecundi-

222 2939 250 2971 «
284 2924 393 2974 tate
421 2919 728 2993 scripturae,
772 2926 940 2993 petrae
971 2919 1299 3006 vocabulum
1327 2937 1389 2974 eo
1412 2938 1634 2992 quoque
1660 2921 1999 2991 retulerunt,
2022 2921 2110 2975 lit-

226 3038 251 3069 «
280 3018 507 3073 teralem
549 3018 710 3074 illum
755 3037 1003 3088 sensum,
1050 3036 1159 3090 quo
1203 3019 1271 3074 ad
1302 3018 1523 3074 Petrum
1555 3018 1741 3093 ipsum
1787 3019 1994 3075 directe
2031 3038 2111 3075 re-

226 3135 252 3165 «
282 3115 479 3186 fertur,
518 3116 884 3182 deseruerint,
918 3135 980 3172 ac
1011 3134 1122 3171 non
1164 3116 1332 3172 etiam
1365 3103 1716 3190 apertissime
1753 3117 2107 3173 retinuerint.

228 3232 254 3262 «
283 3209 369 3264 Sic
398 3217 450 3266 ct
490 3214 754 3285 magister
786 3214 1083 3288 Augustini
1113 3214 1476 3270 Ambrosius:
1520 3215 1636 3287 Ipse
1667 3223 1742 3269 est
1779 3215 1992 3282 Petrus,
2033 3214 2114 3267 cui

228 3328 254 3359 «
290 3309 425 3362 dixit
447 3328 462 3359 .·
495 3308 568 3362 Tu
593 3327 645 3363 es
684 3311 873 3366 Petrus
907 3321 956 3367 et
984 3330 1140 3384 super
1167 3313 1295 3366 hanc
1323 3321 1595 3384 petram...
1635 3310 1722 3365 Ubi
1759 3327 1877 3382 erqo
1903 3309 2110 3373 Petrina,

231 3426 258 3457 «
286 3407 353 3460 ibi
378 3405 632 3460 Ecclesia.
669 3405 789 3461 Haec
806 3425 915 3461 una
951 3426 1054 3463 vox
1083 3408 1331 3476 Patrum,
1371 3408 1487 3462 haec
1517 3406 1808 3461 doctorum
1849 3414 2115 3481 perpetua

233 3522 260 3554 «
293 3501 535 3558 traditio.
574 3523 600 3554 »

309 3598 525 3671 Quarta,
559 3599 706 3655 idem
745 3604 956 3655 constat
985 3616 1051 3655 ex
1088 3617 1151 3655 eo
1178 3599 1324 3672 quod
1359 3598 1700 3656 oecumenica
1726 3601 1957 3659 concilia
1983 3603 2115 3660 defi-

234 3695 440 3754 nierint
472 3714 639 3770 super
684 3697 906 3754 Petrum
937 3696 1222 3752 fundatam
1265 3695 1438 3753 fuisse
1471 3696 1790 3770 Ecclesiam,
1821 3718 1940 3771 seu,
1967 3700 2117 3774 quod
