2372 4108
905 272 1034 318 PARs
1063 270 1233 318 ΡΜΜΑ.
1375 327 1378 330 ,
1961 270 2020 316 59

88 416 101 432 κ
135 401 299 440 mana
341 382 483 438 sacta
530 389 611 438 est
652 381 906 437 omnium
953 379 1195 436 aliarum
1236 377 1610 435 Ecclesiarum
1660 377 1922 453 princeps
1966 386 2020 435 et

133 479 431 553 magistra,
461 484 514 534 et
558 479 702 534 sacta
737 484 818 534 est
850 475 1116 533 omnibus
1153 475 1355 531 Christi
1400 475 1711 532 doctrinam
1756 482 1807 532 et
1851 475 2018 532 fidem

138 576 606 651 amplectentibus
624 583 676 632 et
694 573 1081 650 profitentibus
1111 573 1414 656 necessitas
1439 573 1586 629 inter
1608 573 1736 630 fidei
1760 573 2020 646 dogmata

129 675 394 731 credendi
441 693 504 730 ac
540 659 834 748 profitendi
869 670 1206 744 Episcopum
1238 670 1619 726 Romanorum
1663 690 1784 728 esse
1821 671 2019 728 ducem

134 778 187 828 et
219 771 528 845 principem
570 769 744 824 totius
777 767 1054 836 Ecclesiae,
1086 767 1402 840 principem
1438 766 1864 840 Episcoporum,
1893 769 2023 823 doc-

135 866 526 923 trinae'Christi
559 865 893 939 magistrum
925 863 1285 939 primarium,
1315 864 1489 919 totius
1513 862 1764 919 fidelium
1792 864 2023 919 societa-
2071 857 2084 870 ⁶

137 964 207 1019 tis
242 981 568 1037 supremum
600 968 870 1019 rectorem
901 967 954 1018 et
984 967 1287 1036 pastorem,
1319 960 1737 1016 communionis
1764 964 1814 1015 et
1837 959 2022 1015 unita-

138 1060 211 1115 tis
250 1060 535 1116 catbolicae
559 1066 813 1116 centrum
848 1065 903 1115 et
936 1059 1303 1134 principium,
1337 1064 1389 1114 et
1420 1058 1510 1114 cui
1547 1075 1741 1113 omnes
1773 1057 2024 1129 undique

133 1157 320 1213 fideles
348 1159 576 1214 subesse
601 1158 956 1214 tenebantur.
980 1157 1144 1230 Atqui
1164 1156 1492 1230 hujusmodi
1520 1155 1662 1211 sacta
1689 1174 1801 1210 non
1830 1160 2023 1229 potue-

138 1260 271 1308 runt
299 1254 543 1326 ignorari
574 1273 675 1311 nec
711 1254 990 1311 constanti
1023 1254 1345 1310 testimonio
1388 1273 1500 1309 non
1544 1253 1890 1319 transmitti3
1934 1257 2022 1307 ut-

138 1358 262 1424 pote
289 1352 356 1406 ad
386 1352 565 1426 ipsam
591 1353 843 1408 Ecclesiae
870 1352 1156 1408 catholica}
1176 1351 1631 1407 constitutionem
1661 1351 2021 1424 pertinentia,

143 1449 293 1504 inter
330 1450 615 1522 religionis
653 1451 911 1522 dogmata
946 1451 1012 1505 ab
1045 1450 1308 1505 omnihus
1335 1450 1667 1504 Christianis
1692 1450 1933 1522 reposita
1971 1455 2024 1504 et

144 1546 376 1615 credita,
402 1553 455 1601 et
482 1564 700 1620 semper
726 1546 1000 1602 credenda
1027 1553 1079 1601 et
1107 1545 1498 1611 memoranda3
1527 1550 1578 1599 et
1606 1551 1792 1599 ortum
1816 1545 2023 1600 dabant

139 1642 478 1714 gravissimis
519 1643 914 1709 consectariis,
959 1660 1160 1715 nempe
1206 1642 1523 1697 necessitati
1579 1642 1743 1696 tidem
1789 1642 2023 1697 Romani

139 1737 389 1810 Episcopi
410 1738 729 1811 profitendi,
762 1738 867 1812 ipsi
903 1746 964 1793 ut
994 1739 1162 1812 capiti
1194 1739 1529 1807 cohaerendi,
1560 1739 1737 1812 ipsius
1763 1739 1909 1810 leges
1937 1758 2025 1795 ac-

138 1834 379 1907 cipiendi
407 1840 458 1890 et
486 1836 771 1902 servandi,
807 1841 856 1891 et
885 1836 1093 1910 pariter
1122 1841 1308 1890 ortum
1334 1835 1540 1890 dabant
1566 1835 1690 1890 aliis
1711 1835 1874 1890 factis
1900 1854 2026 1890 con-

137 1931 371 2003 spicuis,
395 1950 596 2006 nempe
632 1933 974 1988 institutioni
999 1951 1271 1989 novarum
1284 1933 1659 1989 Ecclesiarum
1689 1934 1756 1988 ab
1787 1933 1907 2007 ipso
1936 1934 2026 1989 dc-

142 2028 536 2101 pcndentium,
573 2031 959 2086 communioni
993 2021 1248 2086 omnium
1286 2049 1415 2086 cum
1459 2031 1579 2105 ipso
1621 2031 2021 2106 Episcoporum

136 2132 189 2180 et
226 2125 495 2198 fidelium,
532 2127 749 2200 legibus
776 2128 982 2200 quibus
1026 2128 1329 2184 Ecclesiam
1365 2128 1726 2202 informabat,
1766 2129 2021 2184 missioni

140 2220 528 2278 ministrorum
586 2225 654 2279 ab
713 2224 832 2298 ipso
888 2224 1283 2299 deputatorum
1350 2226 1419 2280 ad
1470 2231 1661 2299 gentes
1702 2231 2026 2281 converten-

136 2315 255 2386 das,
288 2324 390 2372 etc.
427 2320 567 2391 Ergo
595 2321 739 2375 facta
767 2323 882 2376 haec
906 2321 1085 2377 sancti
1109 2322 1254 2378 Petri
1288 2340 1399 2377 non
1427 2329 1730 2396 potuerunt
1762 2342 1874 2378 non
1903 2341 2023 2379 csse

141 2413 380 2467 maxime
405 2416 704 2487 conspicua
731 2424 782 2472 et
808 2419 1017 2490 ubique
1058 2421 1299 2491 cognita,
1333 2439 1433 2476 nec
1463 2440 1715 2493 unquam
1752 2421 2021 2494 ignorari,

144 2525 243 2562 nec
279 2510 553 2564 constanti
596 2516 647 2565 et
678 2514 975 2570 universali
1017 2517 1338 2572 testimonio
1366 2536 1477 2573 non
1504 2518 1712 2574 servari
1753 2524 1806 2573 et
1842 2525 2023 2571 trans-

144 2604 290 2660 mitti
347 2606 420 2679 ad
475 2614 772 2678 sequentes
826 2612 1227 2681 generationes
1265 2614 1406 2685 Ergo
1462 2615 1501 2669 1⁰
1532 2615 1578 2669 si
1615 2632 1742 2671 vera
1778 2615 2017 2685 fuerint,

148 2721 438 2775 procreare
491 2703 807 2761 debuerunt
851 2707 1235 2763 testimonium
1280 2710 1445 2781 quale
1483 2728 1703 2786 semper
1746 2712 1926 2768 extitit
1969 2720 2020 2768 et

139 2797 345 2854 existit.

217 2916 244 2946 «
277 2896 338 2949 ΙΙο
377 2896 763 2966 Testimonium,
797 2900 948 2971 quale
988 2919 1020 2955 α
1058 2900 1125 2956 18
1165 2902 1365 2958 saeculis
1406 2906 1581 2960 extitit
1615 2912 1666 2960 et
1705 2909 1861 2962 etiam
1887 2925 2021 2963 nnnc

141 2994 316 3047 existit
353 2995 416 3049 de
467 2995 623 3064 factis
654 2999 784 3064 istic,
828 3016 933 3052 non
969 2999 1125 3055 aliam
1179 3002 1366 3058 habere
1391 3006 1564 3076 potuit
1612 3022 1820 3061 causam
1868 3025 2019 3078 quam

141 3090 403 3157 sactorum
458 3095 678 3149 istorum
730 3097 1021 3152 veritatem.
1054 3129 1120 3139 ——
1160 3099 1222 3155 Et
1269 3101 1323 3155 1⁰
1371 3102 1638 3176 probatur
1695 3106 1901 3158 ratione
1931 3122 2018 3173 ye-

139 3187 568 3244 nerali:etenim
610 3188 992 3248 testimonium
1038 3195 1187 3251 istud
1234 3202 1315 3253 est
1357 3206 1639 3269 constans,
1679 3199 2013 3268 universale,

147 3282 388 3338 maxime
413 3284 585 3340 fixum
605 3294 773 3360 atque
810 3289 1269 3361 determinatum3
1308 3297 1530 3370 scriptis
1562 3295 1874 3350 innumeris
1895 3313 2017 3349 con-

141 3376 460 3448 signatum3
509 3383 646 3437 orali
699 3385 997 3444 traditione
1052 3397 1363 3457 serx·atum;
1420 3391 1800 3446 monumentis
1846 3391 2012 3446 etiam

149 3475 389 3531 maxime
431 3479 670 3552 publicis
726 3488 778 3537 et
820 3485 1160 3541 solemnibus
1201 3488 1567 3558 celebratum,
1614 3489 1765 3544 verbi
1810 3489 2010 3561 gratia,

142 3571 277 3629 festo
312 3575 591 3632 Cathedrae
618 3580 792 3634 sancti
829 3581 972 3636 Petri
1007 3600 1276 3647 romanae;
1310 3584 1447 3640 festo
1478 3587 1674 3642 mortis
1714 3606 1884 3660 quam
1916 3607 2014 3662 per

138 3677 465 3745 martyrium
498 3683 723 3734 sanctus
738 3677 930 3735 Petrus
945 3678 1129 3735 Romae
1158 3682 1261 3736 sub
1282 3681 1491 3739 Nerone
1521 3684 1712 3753 subiit,
1747 3686 2010 3759 reliquia-
