2372 4108
271 314 330 360 5⁴
939 298 1233 346 TRACTATUS
1263 299 1330 346 DE
1360 298 1509 346 PAPA.

1059 615 1311 679 CAPUT
1364 618 1410 680 V

347 780 617 819 SANCTUS
640 779 895 816 PE'nqu
922 779 1068 816 Fun*
1092 782 1268 817 VERE
1296 783 1373 818 Ac
1397 783 1690 819 Pnomum
1717 783 2120 820 nouAnolunu

1044 843 1410 880 EplscoPIJs.

340 1000 611 1059 Sanctum
653 1003 880 1060 Petrum
922 1002 1159 1059 Romam
1200 1002 1387 1074 ivisse,
1426 1008 1595 1075 atque
1631 1001 1709 1057 ihi
1740 998 2010 1075 martyrio
2035 1015 2191 1054 coro-

266 1106 466 1157 natum
509 1101 713 1159 obiisse
745 1102 903 1172 adeo,
950 1107 1014 1158 ut
1049 1101 1321 1172 vidimus,
1375 1100 1732 1158 inconcussis
1779 1104 1998 1156 constat
2034 1097 2190 1154 testi-

265 1197 493 1270 moniis,
531 1206 593 1256 ut
633 1200 691 1255 id
717 1218 923 1274 negare.
952 1200 1102 1276 ipsos
1137 1200 1308 1256 etiam
1341 1199 1660 1257 eruditione
1686 1197 1955 1255 clariores
1982 1201 2194 1272 protes-

263 1303 447 1353 tantes
498 1298 787 1372 puduerit.
827 1300 894 1355 At
931 1317 1002 1355 ne
1036 1299 1307 1356 Romanis
1354 1299 1675 1375 EpiscopiS,
1705 1304 1984 1372 quatenus
2014 1295 2195 1351 sancti

262 1396 407 1453 Petri
432 1398 869 1470 successoribus,
895 1399 1206 1474 primatum
1233 1398 1626 1470 concederent,
1649 1398 1719 1454 ad
1741 1397 1897 1453 aliud
1916 1395 2192 1468 effugium

264 1510 384 1549 sese
415 1501 836 1551 converterunt.
879 1494 1146 1552 Concesso
1185 1513 1390 1569 nempe
1418 1494 1598 1550 sancti
1624 1494 1772 1550 Petri
1810 1493 2055 1548 adventu
2098 1491 2199 1546 Ro-

266 1610 442 1661 mam,
466 1598 750 1666 negarunt
777 1611 907 1649 eum
932 1611 1189 1666 unquam
1213 1593 1602 1649 Romanorum
1629 1591 1969 1667 Episcopum
1993 1589 2193 1664 egisse.

263 1689 344 1746 Ita
373 1691 523 1746 haud
555 1692 746 1765 pauci,
764 1698 888 1747 tum
913 1692 1266 1758 Luthcranae‚
1287 1698 1410 1746 tum
1439 1690 1775 1746 Calvinianae
1795 1690 2066 1759 sectae(de
2085 1706 2196 1762 quo

265 1787 392 1842 vide
452 1787 601 1862 apud
640 1789 1040 1857 Mamachium,
1071 1787 1313 1859 Ori-(lines
1360 1788 1679 1854 chrisitanae,
1723 1787 1824 1843 lib.
1857 1788 1943 1855 lv,
1979 1805 2105 1861 cap.
2134 1806 2188 1857 v,

265 1887 291 1956 ἓ
320 1883 398 1958 1).
423 1884 671 1948 Quorum
699 1903 855 1942 error
874 1886 1087 1960 duplici
1111 1885 1371 1959 sequenti
1394 1886 1746 1961 paragrapho
1769 1884 2113 1962 exploditur.

611 2122 635 2174 ἓ
661 2121 697 2162 1.
721 2144 773 2152 -
797 2122 1109 2174 Argumentum
1129 2134 1153 2163 e
1175 2125 1369 2164 veterum
1386 2122 1564 2163 Patrum
1584 2119 1851 2163 testimoniis.

352 2265 405 2320 ¹1⁰
441 2266 625 2323 Cama.
668 2300 737 2308 —
777 2266 900 2324 Fuit
952 2267 1001 2324 is
1035 2267 1299 2324 Ecclesiae
1340 2268 1611 2324 Romanae
1638 2265 1925 2336 addictuS‚
1972 2283 2036 2321 ac
2077 2265 2197 2338 ejus

272 2364 510 2439 proinde
534 2365 779 2439 origines
808 2367 1064 2443 apprime
1084 2373 1401 2443 compertas
1427 2365 1648 2422 habuit.
1669 2364 1860 2421 Vocari
1879 2364 2019 2420 solet
2038 2363 2198 2421 Gaias

273 2466 566 2537 presbyter.
605 2465 708 2521 Sed
743 2465 1021 2539 quidquid
1059 2466 1132 2521 sit
1167 2466 1235 2521 de
1272 2483 1401 2522 vero
1443 2465 1565 2539 ejus
1600 2463 1851 2532 nomine,
1882 2480 1984 2519 nos
2022 2462 2090 2518 de
2132 2480 2197 2518 eo

276 2559 569 2634 loquimur
601 2564 698 2636 qui
741 2570 937 2621 contra
964 2563 1328 2621 Artemonem
1368 2563 1594 2639 scripsit
1627 2570 1679 2619 et
1720 2579 1890 2635 quem
1931 2562 2066 2618 citat
2089 2561 2198 2617 Eu-

278 2659 490 2731 sebius,
519 2660 732 2735 quique
769 2662 959 2718 floruit
985 2679 1182 2718 versus
1221 2661 1391 2717 finem
1423 2660 1659 2717 secundi
1694 2659 1938 2717 saeculi.x
1966 2658 2058 2714 Sic
2097 2678 2197 2714 au-

275 2765 387 2814 tem
418 2760 587 2816 hahet
633 2761 703 2818 de
726 2761 942 2819 Victore
972 2762 1118 2838 Papa
1161 2784 1171 2816 ε
1210 2762 1417 2818 Tertius
1443 2780 1515 2817 ¹ac
1557 2762 1790 2818 (lecimus
1828 2779 1859 2816 a
1899 2760 2062 2817 Petro
2097 2759 2200 2831 suit

275 2855 459 2911 Romae
483 2858 799 2932 Episcopus.
832 2859 926 2916 ''Hv
951 2867 1337 2934 τρισκαιδέκατος
1378 2865 1470 2916 ἀπό
1505 2867 1688 2933 Πέτρου
1732 2865 1780 2915 ἐν
1811 2856 1975 2933 Ῥώμῃ
2005 2864 2197 2915 ἐπίσκο-

272 2978 361 3019 πος
413 2954 583 3030 (apud
625 2956 965 3029 Eusebium,
1002 2958 1141 3014 Hist.
1184 2959 1339 3027 eccl.,
1374 2957 1475 3015 lib.
1505 2957 1565 3025 V,
1598 2975 1721 3030 cap.
1764 2958 1971 3028 xan).
2005 2956 2199 3012 Dicere

276 3053 553 3110 Victorem
580 3054 865 3112 decimum
901 3056 1138 3114 tertium
1174 3075 1205 3112 a
1240 3057 1399 3113 Petro
1437 3054 1774 3130 Episcopum
1809 3054 2196 3111 Romanorum

277 3152 553 3224 extitisse,
580 3153 732 3210 idem
759 3161 841 3212 est
869 3140 933 3211 ac
956 3155 1144 3211 dicere
1166 3154 1422 3230 primum
1450 3153 1624 3209 fuisse
1648 3152 1899 3209 Petrum.

354 3253 411 3307 2⁰
448 3252 650 3310 Auctor
690 3256 984 3310 carminum
1025 3261 1210 3310 contra
1243 3253 1586 3310 Marcionem.
1618 3252 2012 3309 —Auctorem
2050 3252 2200 3308 hunc

281 3351 489 3409 eruditi
512 3352 1055 3411 Tertullianothaud
1100 3354 1470 3410 recentiorem
1511 3358 1812 3429 reputant;
1863 3358 1928 3409 ut
1963 3351 2201 3427 proinde

276 3451 525 3507 secundo
539 3452 656 3525 jam
686 3454 889 3510 saeculo
915 3453 1174 3510 floruisse
1192 3453 1511 3510 censendus
1538 3453 1629 3509 sit.
1660 3452 1749 3508 Sic
1770 3468 1937 3527 porro
1961 3449 2201 3506 habetur

279 3545 429 3602 libro
464 3550 628 3606 tertio
665 3551 971 3609 Carminum
1015 3559 1203 3609 contra
1236 3553 1582 3622 Marcionem,
1611 3549 1793 3625 capite
1829 3565 1884 3601 lx
1927 3545 2198 3621 (Operum

282 3642 607 3702 Tertulliani
648 3657 691 3705 t.
722 3650 789 3722 II,
830 3651 940 3709 col.
971 3650 1143 3721 1077,
1200 3650 1466 3715 editionis
1506 3647 1750 3722 Migne)›:
1778 3644 1888 3702 Hac
1923 3646 2194 3714 cathedra,

283 3740 474 3797 Petras
499 3763 601 3816 qua
624 3749 836 3804 sederat
864 3752 1001 3822 ipse,
1030 3750 1259 3804 locatum
1293 3751 1528 3804 maoeima
1563 3745 1730 3802 Roma
1754 3744 1954 3800 Linum
1968 3746 2199 3818 primum
