2410 4114
1030 295 1157 340 PARS
1186 293 1356 343 PRIMA.
2112 295 2140 340 5

243 408 551 479 opportuna
580 407 739 468 sunt;
785 405 950 476 prout
985 403 1072 455 est
1106 399 1201 470 jus
1227 402 1485 454 senatum
1511 393 1815 463 indicendi,
1854 391 2136 451 referendi

242 502 310 558 de
335 500 596 573 negotiis,
621 497 850 574 rogandi
877 494 1208 563 sententiaS‚
1234 493 1523 566 monendi,
1551 498 1835 567 totamque
1860 491 2162 548 actionem.

243 597 511 653 hortando
535 594 787 670 regendi.
813 591 1093 667 Ejusmodi
1110 590 1352 664 primatu
1375 592 1578 646 ordinis
1595 590 1654 645 in
1673 590 1827 647 omni
1848 588 2138 664 republica

243 710 447 767 praeses
474 690 730 763 insigniri
765 689 924 745 solet..
952 689 1106 742 Tunc
1135 703 1356 758 nempe,
1386 686 1640 758 quamvis
1670 691 1786 742 tota
1819 685 2139 760 jurisdictio

242 806 408 862 penes
437 793 688 843 senatum
723 786 983 855 resideat,
1025 802 1127 840 nec
1164 783 1223 837 in
1251 782 1498 839 ferendis
1541 782 1937 856 decretis‘plus
1958 782 2140 857 possit

243 901 445 959 praeses
476 903 643 957 quam
671 889 1002 940 caeterorum
1030 882 1286 956 quilibet,
1319 880 1378 935 in
1411 879 1699 953 dirigenda
1733 884 1925 935 tamen
1966 897 2139 952 nego-

242 983 448 1039 tiorum
482 982 832 1052 tractatione,
874 980 1148 1036 nonnulla
1177 979 1479 1053 praecipere
1517 996 1580 1034 ac
1605 979 1826 1051 exigere
1849 978 1992 1034 valet
2018 995 2141 1050 quae

243 1079 310 1134 ad
337 1086 551 1136 rectum
579 1078 832 1135 ordinem
861 1082 1169 1152 opportuna
1198 1082 1349 1132 sunt.
1392 1075 1532 1132 Hinc
1567 1076 1686 1150 ejus
1716 1075 2014 1149 primatUS,
2047 1074 2143 1147 qui

245 1193 345 1231 nec
379 1178 511 1230 meri
540 1176 774 1246 honoris,
806 1193 908 1231 nec
934 1175 1328 1246 jurisdictionis
1343 1178 1448 1245 est,
1479 1173 1678 1248 ordinis
1708 1170 1988 1245 primatus
2010 1170 2144 1226 dici-

243 1276 359 1327 tur.
414 1272 476 1327 Et
520 1272 668 1327 hunc
721 1271 949 1345 quidem
997 1270 1304 1344 primatum
1354 1271 1556 1326 ordinis
1599 1269 1849 1324 Romano
1894 1267 2145 1323 Pontifici

246 1366 483 1423 libenter
505 1367 764 1423 tribuunt
793 1367 902 1441 ipsi
929 1367 1094 1423 etiam
1125 1385 1154 1423 e
1178 1367 1613 1440 protestantium
1654 1365 1851 1422 haeresi
1880 1364 2147 1437 insignio-

245 1480 358 1518 res.
401 1463 481 1518 Sit
536 1464 598 1518 in
655 1464 976 1537 exemplum
1011 1463 1276 1518 Claudius
1317 1465 1648 1519 Salmasius.
1715 1465 1774 1516 In
1821 1461 2146 1534 praefatione

248 1560 430 1631 operis
461 1560 550 1614 sui
580 1561 643 1614 de
668 1560 912 1615 Primatu
932 1561 1094 1632 Papae
1123 1560 1204 1614 sic
1243 1561 1411 1614 habet
1444 1581 1454 1612 1
1488 1559 1549 1615 Ut
1578 1562 1633 1614 in
1664 1562 1806 1614 omni
1826 1561 2012 1614 ordine
2038 1560 2145 1631 pri-

247 1665 420 1711 matus
447 1665 543 1724 est,
571 1659 690 1727 quia
717 1664 766 1710 et
801 1659 1004 1728 primus
1022 1674 1226 1727 semper
1247 1659 1435 1727 aliquis
1461 1658 1619 1711 datur
1649 1659 1870 1725 ordinis,
1896 1665 1950 1711 ut
1967 1674 2147 1711 secun·

248 1754 344 1807 dus
377 1761 426 1807 et
461 1755 665 1821 tertius,
691 1755 769 1807 ita
789 1755 844 1807 in
866 1753 1048 1807 ordine
1069 1752 1460 1826 Episcoporum.
1490 1753 1666 1825 Atque
1689 1752 1900 1808 ibidem
1926 1754 2144 1822 asserit,

246 1852 560 1922 reformatos
609 1853 891 1923 primatum
945 1858 1142 1906 tuntum
1187 1852 1391 1906 ordinis
1423 1852 1477 1905 in
1515 1851 1665 1923 Papa
1721 1860 2026 1923 aquoscere'.
2085 1849 2147 1903 Et

249 1947 532 2021 subjungit
555 1948 612 2003 id
638 1966 818 2003 unum
848 1966 942 2004 eos
971 1948 1252 2021 indignari
1281 1949 1431 2022 quod
1459 1949 1616 2021 Papae
1635 1956 1871 2022 potestas
1905 1965 2009 2002 non
2032 1950 2145 2020 pri-

246 2063 359 2100 mas
388 2048 443 2100 in
470 2046 651 2100 ordine
669 2055 850 2119 partes
877 2056 967 2102 aut
988 2048 1137 2102 sedes
1162 2055 1335 2102 tenere
1354 2055 1622 2114 contenta,
1647 2064 1890 2119 suprema
1918 2048 2146 2101 omnium

248 2145 334 2214 qui
358 2145 415 2197 in
440 2143 615 2214 aliqua
639 2152 761 2199 sunt
775 2152 1032 2216 potestate
1060 2153 1150 2199 aut
1179 2146 1438 2215 diynitote
1467 2146 1647 2199 haberi
1663 2145 1787 2199 vult.
1816 2144 1876 2198 Et
1901 2143 1960 2197 in
1987 2161 2148 2216 appa-

248 2245 373 2295 ratu
400 2239 651 2311 ejusdem
675 2240 879 2313 operis,
902 2241 1099 2315 pagina
1124 2242 1250 2312 172,
1274 2241 1473 2314 Papam
1501 2241 1675 2315 recipi
1700 2259 1860 2314 posse
1880 2241 2141 2311 affirmat,

251 2334 298 2389 si
326 2334 510 2390 redire
535 2339 812 2392 sustineret
840 2339 908 2393 ad
939 2340 1227 2411 primatum
1260 2339 1485 2392 ordinis,
1534 2338 1683 2392 Idem
1720 2345 1911 2392 autem
1942 2337 2149 2392 Salma-

252 2433 390 2502 siuS,
421 2434 478 2487 in
509 2434 744 2507 epistola
795 2436 862 2489 27
911 2435 1064 2508 (libri
1103 2436 1123 2489 I
1164 2434 1527 2508 epistolarum
1570 2434 1769 2506 gallice
1812 2434 2145 2507 scriptarum

251 2546 396 2583 anno
423 2529 590 2595 1650)
615 2530 694 2586 sic
712 2531 873 2586 habet
901 2553 911 2584 :
943 2533 1017 2587 De
1039 2551 1231 2605 penser
1248 2534 1392 2587 aussi
1414 2550 1510 2603 que
1528 2539 1658 2586 cette
1679 2534 1948 2602 prinzoute'
1956 2550 2022 2586 ne
2043 2535 2148 2587 soit

251 2635 403 2680 autre
431 2628 583 2681 chose
602 2627 789 2699 qu'une
804 2632 1090 2701 pre'seance
1115 2638 1164 2684 et
1192 2630 1470 2684 l'honneur
1495 2629 1683 2682 d'oller
1703 2630 1917 2697 devant,
1946 2627 2069 2684 e’est
2093 2648 2149 2685 se

253 2726 586 2798 me'compter.
624 2725 698 2780 La
717 2728 964 2799 prolique
989 2729 1051 2781 de
1071 2727 1122 2781 la
1142 2729 1409 2798 primitive
1442 2716 1618 2797 Eylise
1653 2734 1730 2781 est
1761 2727 2041 2793 contraire,
2062 2731 2148 2798 qui

254 2820 327 2874 lui
349 2839 379 2874 a
403 2823 635 2894 toujours
662 2824 837 2878 donne'
857 2825 1172 2895 (lavantoqe;
1200 2831 1247 2878 et
1283 2841 1338 2878 ce
1370 2831 1477 2877 mot
1508 2822 1786 2895 primatus
1822 2840 1887 2877 eu
1922 2832 2064 2877 toute
2095 2822 2148 2876 Ia

255 2916 546 2972 hie'rarchie
573 2921 962 2991 ecelesiastique
985 2922 1073 2975 u‘a
1090 2922 1282 2993 jumeris
1308 2924 1392 2975 ἄτθ’
1412 2938 1537 2975 sans
1568 2921 1781 2993 quelque
1806 2919 2040 2989 fonction
2062 2937 2150 2974 su-

252 3017 498 3086 pe'rieure
519 3035 583 3070 ou
604 3018 915 3087 juridiction
933 3036 1050 3073 avec
1079 3019 1372 3074 l'honneur.

333 3110 464 3164 Item
491 3112 830 3168 schismatici
858 3114 1020 3186 graeci
1064 3115 1215 3169 hunc
1237 3115 1542 3188 primatum
1574 3116 1774 3170 ordinis
1807 3115 1969 3180 ‚haud
2011 3129 2153 3183 aegre

259 3202 316 3256 in
338 3204 582 3262 Romano
606 3210 867 3266 Pontifice
903 3219 1231 3284 agnoscunt,
1263 3218 1428 3285 prout
1464 3212 1738 3267 Barlaami
1776 3217 1827 3266 et
1862 3209 1971 3262 Nili
1998 3209 2152 3264 testi-

261 3300 467 3354 moniis
492 3303 715 3373 probari
736 3314 942 3378 posset.

339 3395 565 3462 Quartus
594 3416 753 3454 error
782 3418 975 3457 eorum
1005 3410 1090 3459 est
1123 3407 1218 3477 qui
1237 3406 1618 3476 jurisdictionis
1651 3403 1818 3458 etiam
1850 3403 2150 3476 primatum

263 3492 512 3549 Romano
540 3494 807 3569 Episcopo
838 3498 1186 3571 adscribunt,
1227 3506 1311 3555 ast
1336 3519 1446 3555 non
1472 3519 1502 3555 a
1527 3499 1737 3555 Christo
1777 3500 1919 3574 ipso,
1957 3500 2054 3555 sed
2088 3500 2155 3555 ab

265 3589 505 3647 Ecclesia
535 3601 847 3668 acceptum.
898 3596 1106 3651 Tenent
1149 3597 1363 3653 scilicet
1400 3597 1674 3671 ejusmodi
1713 3598 2018 3671 primatum
2057 3597 2158 3652 Ro-

268 3706 432 3745 mano
457 3690 704 3748 Pontifici
731 3711 842 3748 non
872 3700 1185 3768 competere
1203 3697 1324 3767 jure
1352 3697 1549 3764 divin-o,
1602 3696 1699 3752 sed
1733 3697 2019 3765 dumtaxat
2036 3698 2158 3768 jure
