2372 4108
894 281 1022 328 PARS
1051 279 1218 327 PRIMA.
1914 277 2002 324 105

122 395 286 464 titu0,
306 410 435 449 cum
449 392 764 467 Apostolicae
782 390 954 462 Sedis,
977 388 1046 446 ad
1061 388 1374 444 relationem
1392 386 1611 460 duplicis
1638 383 1849 458 synodi,
1863 382 2005 455 judi-

123 493 250 548 catis
296 490 490 565 (Epist.
537 489 605 546 ad
650 488 959 545 Aurelium.
1009 484 1167 559 Apud
1192 485 1481 555 Constant,
1538 484 1782 558 Epistolae
1811 481 2004 538 Roma-

122 609 310 647 norum
326 591 653 662 Pontificum,
676 587 782 645 col.
812 587 942 659 904,
965 585 1098 642 edit.
1127 584 1376 655 ParisiiS,
1402 584 1540 642 1721
1556 584 1593 655 ).
1611 584 1637 638 J
1645 582 2004 639 udicaverant

124 688 233 744 duo
258 687 511 744 Africana
537 685 801 751 concilia3
829 689 881 739 et
908 688 1098 739 tamen
1129 700 1324 738 eorum
1348 682 1627 738 sententia
1646 700 1758 738 non
1779 686 2009 737 vocatur

116 789 425 860 judicat-um,
464 786 563 841 sed
594 784 881 840 dumtaxat
907 783 1127 846 relati0‚·
1174 799 1287 836 non
1323 781 1473 836 enim
1507 778 1854 834 definitivum
1890 785 2007 835 erat

125 885 361 942 aliorum
382 883 660 957 judicium
683 882 741 937 in
759 880 945 937 causis
965 879 1114 951 fidei,
1137 878 1232 935 sed
1265 877 1440 934 solius
1476 877 1629 934 Sedis
1659 876 2004 948 Apostolicae;

125 982 286 1055 cujus
331 979 452 1036 ideo
492 978 765 1035 sententia
810 977 1112 1033 vocabatur
1145 978 1442 1049 judicatum
1490 990 1588 1028 seu
1643 973 2007 1035 constitutum,-

130 1098 250 1153 quae
276 1085 509 1152 utraque
538 1097 639 1134 vox
667 1095 766 1152 pro
812 1093 1118 1151 synonyma
1146 1078 1455 1148 usurpatur
1490 1089 1520 1127 a
1558 1069 1755 1142 Vigilio
1785 1069 1928 1142 Papa
1956 1072 2008 1122 ct

131 1177 386 1250 Gregorio
423 1177 635 1250 Magno.
674 1175 838 1230 Porro
869 1173 923 1228 id
953 1173 1121 1229 etiam
1150 1171 1332 1245 arguit
1364 1169 1510 1226 sedis
1548 1168 1811 1224 Romanae
1837 1164 2009 1242 juris·

131 1275 483 1332 dictionalem
509 1275 831 1350 primatum.

206 1375 258 1429 5.
303 1373 363 1426 ln
386 1371 606 1427 dioecesi
630 1369 1152 1443 llierosolymitana,
1184 1367 1509 1423 immaniter
1546 1363 1807 1420 nonnulli
1842 1364 2013 1418 haere-

133 1470 228 1525 tici
268 1454 622 1523 desterierant
669 1465 726 1519 in
769 1464 1105 1519 monasteria
1154 1464 1221 1518 ad
1258 1461 1435 1518 sancti
1465 1459 1782 1536 Hieronymi
1822 1476 2014 1512 curam

136 1565 489 1642 pertinentia,
519 1581 693 1635 eaque
722 1563 867 1617 caede
894 1580 955 1618 ac
983 1562 1240 1617 incendio
1267 1564 1637 1616 vastaverant.
1672 1558 1743 1612 De
1773 1575 1884 1630 quo
1902 1574 2018 1610 cer-

136 1665 244 1719 tior
276 1664 454 1718 factus
500 1661 921 1730 Innocentiusl,
976 1661 1070 1715 sed
1115 1661 1363 1715 nondum
1397 1659 1578 1713 sciens
1611 1657 1843 1729 quinam
1876 1654 2017 1710 tanti

136 1744 397 1816 facinoris
450 1764 703 1813 auctores
755 1763 961 1826 essent,
1012 1758 1087 1812 ita
1133 1757 1294 1812 beato
1329 1757 1658 1829 Hieronymo
1689 1753 2011 1827 rescripsit:

136 1876 163 1907 α
196 1855 383 1926 ltaque
409 1853 630 1908 excitati
657 1859 812 1908 tanta
839 1852 1116 1908 malorum
1150 1870 1337 1922 scena,
1373 1854 1608 1924 arripere
1645 1853 2015 1906 auctoritatem

135 1950 282 2007 Sedis
315 1951 627 2024 Apostolicae
668 1951 735 2005 acl
771 1969 918 2005 omne
964 1950 1405 2024 comprimendam
1438 1950 1591 2021 nefas
1628 1950 2014 2022 festinavimu&

135 2052 229 2107 sed
255 2050 312 2105 in
342 2067 507 2122 quem
539 2050 958 2124 insurgeremus
997 2068 1098 2106 nec
1132 2051 1360 2106 nomine
1384 2048 1726 2123 appellatum
1754 2049 2015 2122 legimuS,

136 2165 235 2203 nec
271 2146 521 2202 criminis
568 2147 754 2220 aliqua
796 2149 1013 2204 ratione
1052 2155 1328 2205 taxatum.
1358 2148 1513 2213 Quod
1545 2166 1674 2221 ergo
1712 2163 2012 2222 possumus

134 2245 512 2301 condolemus
562 2246 616 2302 Si
659 2247 979 2322 deposueris
1021 2255 1206 2303 autem
1251 2254 1500 2323 apertam
1544 2247 2015 2317 manifestamque

134 2345 190 2399 in
223 2345 475 2401 homines
500 2345 715 2418 aliquos
743 2347 1180 2417 accusationem,
1213 2355 1302 2402 aut
1318 2348 1521 2419 judices
1548 2355 1895 2420 competentes
1922 2346 2015 2399 tri—

134 2443 304 2508 buam,
362 2446 453 2495 aut
496 2441 542 2495 si
576 2440 789 2513 aliquid
836 2442 1129 2514 urgentius
1175 2442 1582 2515 sollicitiusque
1625 2461 1654 2497 a
1697 2441 1856 2496 nobis
1898 2441 2014 2495 ticri

138 2541 337 2608 potest,
382 2553 491 2590 non
547 2536 860 2607 retardabo,
904 2538 981 2591 fili
1020 2538 1436 2593 dilectissime»
1491 2538 1662 2612 (apud
1718 2538 2010 2605 Constant,

136 2631 384 2703 Epistolae
402 2632 756 2687 Romanorum
777 2634 1115 2706 Pontificum,
1135 2634 1240 2688 col.
1259 2634 1390 2703 908,
1412 2634 1801 2704 edit.ParisiiS‚
1825 2633 2012 2694 1721).

136 2728 308 2801 lgitur
352 2730 454 2785 sibi
491 2731 584 2803 jus
621 2730 818 2786 tribuit
858 2731 1216 2788 Innocentius
1249 2734 1409 2787 dandi
1443 2734 1666 2805 jndices‘,
1722 2733 1805 2787 vel
1849 2731 2015 2787 etiam

138 2827 427 2884 efficaciori
446 2818 608 2884 niodo
624 2828 970 2903 providendi,
990 2831 1173 2902 quoad
1188 2831 1671 2906 llierosolymitani
1688 2830 2019 2886 Patriarclne

138 2924 408 2995 subditos,
458 2933 507 2981 et
553 2926 735 2999 quoad
778 2945 1006 2982 causam
1062 2928 1119 2982 in
1166 2929 1287 3002 ejus
1321 2929 1541 2984 dioecesi
1591 2934 1859 2983 exortam.
1914 2930 2016 2997 An,

138 3039 345 3092 quaes0,
397 3023 478 3078 vel
517 3023 776 3097 cogitatio
820 3042 938 3080 sese
968 3025 1047 3080 sic
1079 3026 1136 3080 in
1177 3024 1407 3081 alterius
1433 3025 1767 3081 Patriarclne
1799 3024 2018 3099 provin-

141 3119 282 3173 ciam
309 3120 593 3192 ingerendi
623 3124 742 3196 ejus
786 3125 1039 3180 animum
1076 3125 1361 3196 subiisset,
1403 3125 1512 3180 nisi
1562 3124 1879 3180 indubitata
1912 3121 2016 3195 ipsi

143 3212 513 3286 omnibusque
547 3219 833 3274 catholicis
872 3221 1067 3276 fuisset
1099 3234 1366 3295 ‘suprema
1392 3220 1629 3276 Romani
1666 3216 1919 3291 Episcopi
1960 3215 2018 3270 in

146 3311 514 3366 universalem
540 3314 837 3371 Ecclesiam
859 3319 1209 3392 jurisdictio?

221 3406 271 3462 6.
318 3406 397 3461 Ad
424 3406 657 3463 Felicem
686 3409 1024 3467 Nucerinum
1065 3413 1396 3487 Episcopum
1428 3410 1744 3465 rescribens
1790 3414 2019 3464 sanctus

143 3504 501 3562 Innocentius
528 3506 584 3560 I:
624 3527 650 3558 «
678 3496 862 3563 Mirari
905 3528 1015 3565 non
1054 3528 1378 3584 possumus,
1423 3508 1629 3580 inquit,
1667 3507 2017 3563 dilectionem

146 3608 298 3659 tuam
350 3605 506 3677 sequi
563 3605 816 3661 instituta
870 3608 1172 3680 majorum,
1229 3606 1558 3678 omniaque,
1610 3624 1733 3679 quae
1785 3613 2016 3681 possunt

149 3698 392 3771 aliquam
411 3702 656 3776 recipere
682 3701 1109 3771 dubitationem,
1154 3702 1220 3756 ad
1254 3720 1354 3758 nos
1381 3708 1529 3774 quast
1569 3703 1639 3758 ad
1673 3710 1826 3775 caput
1865 3711 2018 3774 atque
