2320 4010
814 218 940 264 PARS
971 216 1210 263 SECUNDA.
1863 205 1952 253 505

84 347 111 378 «
141 325 209 380 De
228 324 552 379 contii-mata
567 322 881 395 integritate
896 329 947 379 et
967 322 1291 385 auctoritate
1313 316 1554 375 concilii.
1581 315 1803 397 Decreta
1820 330 1952 369 con-

86 443 113 474 «
141 421 276 488 cilii,
320 421 375 475 in
410 419 685 493 superiori
720 420 962 477 sessione
993 437 1090 494 per
1116 415 1457 475 Cardinalem
1491 411 1825 474 Zarabellam
1858 409 1951 465 de-

87 538 114 569 «
143 522 378 584 curtata,
415 533 564 571 nunc
603 514 822 589 publice
853 532 915 570 ac
946 494 1126 589 palam
1156 511 1431 580 restituta,
1468 506 1724 583 repetita,
1761 501 1957 559 confir—

89 635 116 666 «
147 620 314 682 mata,
341 630 403 667 ac
430 613 644 684 integre
661 613 1012 684 publicata...
1036 594 1412 666 Cardinaliurn
1434 605 1664 680 repetita
1682 605 1956 659 contesta-

89 731 116 763 «
144 711 219 766 tio
241 710 307 764 de
339 727 438 764 suo
462 709 518 763 in
550 709 749 782 Papam
777 710 1045 763 Joannem
1072 707 1297 762 affectu.
1330 706 1551 760 Decreta
1588 718 1744 776 poena
1777 718 1808 756 e
1833 716 1959 755 con-

89 826 116 858 α
143 805 269 860 cilio
293 804 412 859 sine
437 803 593 858 venia
618 803 1032 875 emigrantium.
1115 873 1121 877 ι

162 922 188 952 «
211 900 300 955 Die
326 900 414 970 17,
435 901 596 953 sessio
628 898 886 970 yeneralis
910 897 1042 953 VI...
1063 895 1295 950 Articuli
1325 899 1516 948 contra
1532 893 1732 964 Papam
1764 895 1817 944 et
1835 890 1960 942 Car-

86 1017 113 1048 «
142 995 373 1062 dinaleS,
402 994 497 1065 qui
530 1012 558 1047 a
587 992 1090 1048 consultationibus
1111 990 1328 1045 concilii
1354 987 1709 1054 excludendi,
1738 984 1959 1058 publice

86 1071 377 1162 «praelecti
405 1108 433 1139 »ι
463 1086 856 1160 (Conciliorum
876 1085 1071 1154 nansi,
1095 1089 1241 1139 10m0
1256 1082 1471 1151 xxviii,
1488 1081 1592 1136 001.
1614 1080 1722 1135 655
1745 1084 1794 1133 et
1816 1094 1959 1148 seq.⁷

81 1184 214 1239 edit.
243 1183 500 1248 VenetiiS‚
525 1183 709 1253 1785).

159 1279 235 1333 Ibi
263 1284 521 1333 testatum
549 1279 714 1332 habes
751 1278 1027 1348 quomodo
1052 1276 1107 1331 in
1144 1275 1387 1331 sessione
1429 1278 1626 1346 quarta
1659 1269 1962 1325 Cardinalis

84 1374 359 1428 Zarabella
393 1373 620 1444 legendo
656 1372 1023 1427 decurtaverit
1054 1373 1262 1427 decreta
1310 1372 1372 1424 de
1410 1369 1721 1424 auctoritate
1754 1375 1803 1421 et
1832 1368 1963 1421 inte-

85 1472 271 1541 syr-itate
309 1470 524 1524 concilii.
572 1450 703 1524 Item
742 1469 1016 1540 quomodo
1058 1469 1112 1523 id
1160 1468 1480 1523 nationibus
1524 1464 1961 1536 indignationem
2014 1452 2020 1459 ’

87 1568 463 1623 commoverit.
497 1569 627 1622 Item
660 1567 935 1639 quomodo
978 1568 1043 1622 ad
1076 1565 1408 1640 supplendas
1440 1564 1792 1631 omissioneS,
1824 1562 1963 1616 inte-

88 1683 181 1731 gra
208 1664 442 1718 formula
480 1664 642 1719 fuerit
673 1665 728 1718 in
757 1664 995 1720 sessione
1021 1664 1213 1735 quinta
1239 1663 1539 1735 publicata.
1574 1660 1842 1716 invectiva
1868 1677 1962 1714 au-

85 1767 195 1814 tem
216 1766 407 1815 contra
434 1760 772 1815 Cardinalem
797 1761 1158 1826 Zarabellam,
1190 1759 1424 1814 concilio
1451 1759 1634 1813 oblata
1665 1765 1716 1813 et
1739 1755 1962 1830 publice

84 1854 267 1923 affixa,
298 1856 366 1910 de
390 1874 496 1927 qua
530 1855 779 1927 loquitur
812 1856 1155 1910 llermannus
1185 1856 1296 1910 Von
1332 1855 1432 1909 der
1458 1854 1623 1922 Kard,
1653 1871 1715 1908 ea
1739 1870 1858 1907 esse
1886 1851 1962 1905 vi-

81 1950 245 2004 detur
288 1951 480 2006 cedula
530 1970 696 2023 quam
746 1952 1052 2024 reperimus
1100 1951 1157 2004 in
1216 1950 1538 2005 collectione
1593 1947 1958 2003 conciliorum

82 2044 272 2114 Mansi,
300 2045 571 2101 videlicet.

158 2142 523 2197 Documentum
543 2143 610 2197 II.
642 2175 700 2182 —
720 2142 920 2197 Cedula
952 2143 1018 2196 ad
1049 2141 1227 2195 valvas
1249 2141 1439 2196 Palatii
1465 2140 1806 2214 Episcopalis
1831 2139 1962 2194 Con-

86 2236 403 2290 stantiensis
434 2237 618 2306 affixa,
651 2254 839 2290 mense
867 2236 1066 2290 martio
1091 2236 1258 2290 1415.

168 2350 194 2380 «
223 2331 296 2383 Ne
335 2331 708 2403 decipiamini,
741 2350 808 2384 ne
833 2332 1130 2399 fallamini,
1168 2332 1373 2404 placeat
1410 2332 1697 2402 sequentia
1734 2349 1958 2404 parum-

94 2446 121 2478 «
150 2444 246 2498 per
284 2426 636 2481 attendere...
682 2426 737 2479 5⁰
777 2427 909 2481 Item
952 2427 1073 2481 istis
1115 2427 1482 2499 pendentibus
1523 2428 1787 2482 Dominus
1817 2429 1958 2500 Papa

93 2543 120 2573 «
148 2522 379 2578 Joaunes
416 2523 591 2593 XXIII,
627 2542 854 2578 suorum
892 2524 1174 2597 promissi,
1207 2525 1314 2578 voti
1354 2532 1403 2580 et
1437 2525 1739 2596 juramenti
1767 2524 1960 2579 imme·

93 2640 118 2670 «
151 2638 290 2690 nior,
334 2620 520 2674 volens
559 2620 872 2691 hujusmodi
907 2622 1211 2692 negotium,
1259 2622 1507 2678 videlicet
1552 2623 1698 2678 istud
1733 2641 1955 2678 sacrum

92 2736 117 2765 «
143 2715 436 2770 concilium
468 2716 726 2772 dirimere
759 2725 810 2772 et
837 2717 1159 2786 dissolvere,
1189 2719 1334 2790 quod
1363 2719 1661 2775 Ecclesiam
1692 2719 1782 2774 Dei
1816 2720 1959 2774 mili-

90 2832 116 2862 «
146 2819 348 2867 tantem
375 2819 750 2886 repraesentat,
777 2815 917 2869 clam
946 2815 1146 2871 furtive
1178 2817 1246 2870 ab
1272 2816 1397 2871 hinc
1429 2818 1726 2873 recessit...

167 2929 194 2958 «
221 2909 273 2962 4⁰
295 2908 424 2962 Item
451 2910 597 2980 quod
626 2911 884 2966 statim...
911 2930 1005 2966 rex
1023 2913 1393 2968 Romanorum
1417 2915 1650 2970 viriliter
1676 2933 1866 2986 agenS,
1890 2933 1957 2968 ne

92 3024 120 3054 α
147 3004 439 3058 concilium
479 3007 855 3076 dirimeretur,
898 3010 1062 3064 eorda
1106 3011 1360 3065 nutantia
1397 3012 1795 3067 confortavit...
1851 3009 1953 3063 Sed

93 3118 120 3148 «
150 3115 258 3151 non
303 3098 382 3152 sic
423 3099 512 3154 isti
556 3101 738 3157 Patres
779 3106 1222 3161 reverendissimi
1265 3106 1622 3174 (ΟανιίἰηαΙεκ)
1670 3104 1764 3175 qui
1805 3122 1834 3157 a
1869 3104 1953 3158 via

95 3192 393 3247 «veritatis
440 3194 578 3248 lianc
626 3214 837 3252 sacram
881 3201 1360 3270 congregationem
1396 3205 1639 3253 avertere
1684 3204 1958 3253 conantur

96 3310 121 3339 «
151 3289 268 3343 suis
296 3290 590 3344 cautelosis
631 3292 878 3347 consiliis
905 3299 954 3347 et
980 3294 1439 3357 cavillationibus
1470 3294 1733 3366 quoniam
1762 3313 1956 3366 magna

97 3408 121 3435 «
155 3404 278 3458 pars
328 3386 570 3459 ipsorum
612 3388 784 3441 secuti
824 3394 951 3442 sunt
998 3395 1207 3462 patrem
1261 3409 1537 3462 suum...;
1589 3396 1641 3447 et
1676 3391 1805 3464 quia
1846 3410 1955 3446 nou

94 3503 120 3533 «
152 3483 442 3556 sperabant
467 3483 706 3555 reperire
720 3484 931 3552 ⁸bonam
958 3485 1274 3557 coquinam,
1308 3486 1478 3560 aliqui
1507 3488 1705 3544 misere
1731 3494 1783 3544 et
1809 3507 1958 3544 vere-

94 3599 120 3628 «
151 3578 331 3633 eunde
356 3584 479 3632 sunt
514 3579 782 3635 reversi...
