2320 4010
838 224 958 270 rins
988 221 1226 284 SECUNDA.
1883 217 1970 264 545

100 333 236 407 quin
265 332 413 388 enirn
448 349 558 388 non
580 331 757 405 magis
787 329 1029 388 efficacia
1052 330 1122 385 ad
1139 327 1342 384 dictam
1370 324 1642 382 unitatem
1668 341 1969 400 procuran-

35 453 59 478 .·
99 432 226 488 dam
277 432 508 487 Romani
560 430 816 488 Praesulis
866 429 1083 485 decreta
1116 426 1447 483 aestimasset
1495 422 1751 499 Cyrillus,
1800 441 1968 496 quam

98 527 393 602 cujuslibet
473 527 703 584 alterius
743 524 1014 601 Episcopi.
1046 500 1300 578 {liunde
1347 526 1538 576 autem
1586 521 1688 576 hac
1728 520 1780 576 vi
1836 537 1972 595 prae-

100 626 242 683 ditas
270 643 380 681 non
422 629 728 700 reputasset
760 622 987 681 Romani
1022 618 1296 677 Pontificis
1329 618 1657 688 sententiaS,
1695 618 1742 675 si
1783 619 1963 675 errori

102 723 363 780 obnoxias
391 741 484 779 eas
509 721 855 778 credidisset.

173 820 228 874 2⁰
247 819 304 872 ln
332 818 559 891 epistola
581 817 755 873 sancti
776 815 960 891 Cyrilli
979 815 1046 871 ad
1078 815 1349 870 Joannem
1376 813 1787 870 Antiochenum
1811 814 1967 888 Epis-

95 933 310 989 copum,
341 916 454 970 haec
495 914 562 970 ad
607 932 723 969 rem
754 913 966 969 faciunt
996 933 1007 965 :
1036 932 1063 964 «
1094 911 1292 967 Sancta
1335 911 1579 966 Romana
1615 911 1859 988 synodus
1886 911 1969 965 di—

103 1032 131 1063 «
164 1017 363 1067 sertam
390 1010 574 1074 statim
601 1010 656 1064 in
685 1008 843 1064 illum
877 1008 1203 1064 sententiam
1236 1006 1366 1063 tulit
1398 1028 1409 1060 :
1443 1025 1549 1079 qua
1599 1006 1666 1061 dc
1706 1025 1767 1062 rc
1811 1011 1864 1062 et
1903 1007 1968 1061 ad

102 1130 128 1160 «
167 1114 314 1165 tuain
341 1126 559 1181 quoquc
588 1108 847 1182 pietatem
883 1107 1228 1182 perscripsit.
1258 1106 1464 1162 Horum
1494 1105 1727 1179 proinde
1747 1105 1967 1161 decreto
2040 1134 2043 1136 ·

103 1226 130 1257 «
160 1205 332 1260 modis
353 1206 615 1260 omnibus
630 1206 916 1278 parendum
938 1213 1016 1260 est
1036 1205 1140 1261 illis
1173 1206 1257 1276 qni
1292 1221 1322 1258 α
1349 1205 1504 1257 totins
1524 1202 1816 1259 Occidentis
1836 1221 1971 1258 com-

105 1320 131 1350 «
160 1295 396 1355 inimione
424 1302 657 1356 excidere
696 1287 1023 1355 noluerint...
1048 1301 1153 1357 Nos
1177 1303 1314 1356 enim
1350 1318 1622 1372 sequemur
1644 1318 1758 1372 quae
1783 1300 1862 1354 illi
1891 1301 1974 1371 ju-

108 1414 135 1446 «
166 1396 485 1450 dicarer-mit.
530 1395 777 1450 Verentur
808 1413 1025 1467 namque
1059 1415 1122 1450 ne
1147 1415 1176 1451 α
1213 1405 1476 1451 tantorum
1507 1397 1858 1454 communione
1884 1414 1974 1450 ex-

108 1515 135 1545 «
164 1494 425 1557 cido-mus3
474 1493 568 1565 qui
629 1509 736 1547 non
771 1492 839 1547 ob
888 1493 1040 1548 aliud
1084 1493 1464 1566 indignantur,
1502 1512 1679 1566 neque
1705 1494 1773 1549 ob
1817 1495 1970 1567 parvi

110 1614 136 1643 «
178 1591 439 1647 momenti
463 1609 550 1647 res
575 1592 836 1646 commoti
879 1598 1030 1661 sunt,
1068 1611 1300 1666 eamque
1334 1593 1663 1649 sententiam
1694 1595 1966 1667 tulerunt,

107 1713 133 1743 α
165 1692 256 1746 sed
275 1696 494 1764 propter
514 1690 690 1763 ipsam
721 1690 906 1759 fidem,
933 1693 1332 1764 universasque
1365 1692 1517 1748 orbis
1549 1683 1824 1748 terrarum
1857 1699 1972 1748 tur-

107 1809 133 1839 «
167 1788 318 1842 batas
351 1787 635 1854 EcclesiaS,
667 1793 718 1842 ct
764 1806 1119 1850 communem
1156 1791 1345 1864 populi
1376 1790 1793 1846 aedificationem
1828 1813 1854 1842 »
1890 1792 1969 1862 (in

99 1881 244 1936 Actis
270 1881 488 1936 concilii
531 1884 853 1939 oecumenici
894 1885 1177 1958 Eplicsini,
1212 1891 1367 1958 parte
1392 1886 1431 1956 I,
1468 1886 1645 1958 capite
1667 1905 1768 1954 xxi,
1823 1886 1966 1959 apud

97 1975 289 2044 Labbe,
340 1983 482 2033 tomo
512 1978 609 2047 «111,
661 1978 766 2034 col.
801 1980 932 2047 580,
983 1981 1117 2035 editi
1159 1981 1403 2050 Parisiis,
1455 1981 1645 2053 1671).
1699 1982 1778 2036 lbi
1834 1982 1967 2037 satis

97 2079 278 2146 aperte
302 2074 630 2147 exprimitur
654 2076 916 2148 obligatio
942 2077 1162 2148 parendi
1188 2078 1476 2134 sententiae
1493 2079 1748 2135 Romanae
1772 2081 1964 2154 synodi

96 2175 282 2224 contra
318 2171 629 2227 Nestorium
658 2173 906 2246 prolatae.
951 2173 1220 2244 Equidem
1255 2176 1526 2231 sententia
1556 2178 1669 2232 haec
1700 2195 1810 2233 non
1861 2179 1966 2235 suit

99 2267 266 2322 solius
297 2269 586 2339 Coelcstini,
618 2271 711 2326 sed
734 2271 993 2327 Romanae
1014 2273 1209 2346 synodi
1235 2280 1328 2338 ;·et
1352 2273 1607 2346 loquitur
1633 2276 1872 2353 Cyrillus
1900 2278 1967 2332 de

98 2365 345 2420 omnium
394 2366 827 2424 Occidentalium
872 2371 1266 2426 communione
1315 2389 1426 2427 non
1480 2373 1810 2430 deserenda.
1860 2375 1962 2429 Sed

99 2457 224 2516 huic
254 2459 469 2518 decreto
514 2465 794 2538 obligandi
830 2467 939 2520 vim
987 2467 1340 2540 potissimum
1387 2470 1695 2540 tribuebat,
1739 2472 1807 2525 ob
1862 2472 1963 2525 Ro-

98 2557 242 2610 mani
285 2557 557 2615 Pontificis
598 2563 1005 2618 auctoritatem.
1042 2565 1263 2619 Seclusa
1305 2565 1453 2620 enim
1484 2566 1584 2621 hac
1616 2568 1963 2635 anctoritate,

96 2653 184 2706 cui
213 2655 378 2710 totius
423 2658 616 2712 mundi
654 2661 916 2732 praesules
958 2662 1188 2716 subesse
1220 2662 1475 2731 debcant,
1512 2651 1613 2718 cur
1652 2664 1968 2721 Occidenta-

96 2746 232 2801 lium
285 2750 467 2821 potius
516 2752 725 2824 judicia
770 2754 926 2826 sequi
975 2755 1294 2811 debuissent
1338 2746 1638 2813 Orientales
1692 2760 1966 2834 Episcopi,

97 2861 262 2914 quam
304 2847 662 2905 Orientalium
718 2851 1130 2908 Occidentales‘?
1166 2855 1427 2911 Praeterea
1475 2857 1647 2912 solius
1692 2858 1966 2914 Caelestini

99 2955 296 2992 nomen
331 2944 648 3012 praeferebat
696 2949 922 3020 epistola
964 2969 1128 3022 quam
1159 2953 1386 3027 Cyrillus
1407 2955 1606 3009 Joanni
1628 2957 1966 3011 Antiocheno

102 3029 368 3086 mittebat.
402 3034 461 3087 Et
480 3036 535 3089 in
557 3057 731 3108 graeco
759 3047 905 3099 textu
931 3046 1187 3117 liabetur,
1215 3052 1474 3103 nos-enim
1504 3053 1666 3121 ipsius
1693 3067 1966 3119 sequemur

93 3125 310 3195 insudas
354 3134 490 3196 ἦμῑῖς
515 3138 604 3203 γὰρ
629 3157 722 3198 τοις
764 3140 875 3209 παρ’
902 3146 1036 3195 &utcu
1069 3149 1451 3213 ἁκολουθήσομεν
1487 3152 1692 3216 ν.ρίμασ·.;
1724 3163 1833 3198 non
1871 3163 1967 3199 au-

105 3221 234 3284 tem,
264 3223 322 3272 ut
357 3218 411 3272 in
444 3222 711 3293 versione,
749 3247 839 3282 nos
874 3235 1010 3286 enim
1045 3253 1314 3305 sequemur
1347 3256 1460 3308 quae.
1488 3237 1562 3290 illi
1594 3239 1966 3309 jmtioaverint.
2023 3226 2026 3227 ⁷

177 3313 232 3366 5⁰
252 3314 305 3368 ln
330 3317 600 3372 sententia
621 3319 977 3392 depositionis
1005 3344 1170 3397 quam
1200 3329 1473 3400 Epliesina
1500 3333 1746 3407 synodus
1776 3341 1966 3391 contra

100 3408 412 3466 Nestorium
464 3417 860 3486 pronuntiavit,
909 3420 990 3475 sic
1038 3423 1299 3479 liabetur:
1347 3447 1373 3476 «
1417 3427 1592 3483 Coacti
1636 3448 1736 3503 per
1781 3450 1965 3489 sacros

105 3528 132 3558 α
160 3526 398 3565 canones
431 3518 478 3566 et
506 3515 775 3584 epistolam
808 3521 1119 3576 sanctissimi
1145 3522 1318 3578 Patris
1355 3529 1522 3582 nostri
1550 3536 1600 3583 et
1627 3533 1964 3588 comministri

107 3622 134 3654 «
166 3604 425 3663 Coelestini
474 3608 729 3667 Romana}
786 3613 1036 3672 Ecclesiae
1093 3618 1366 3696 Episcopi,
1420 3623 1683 3701 lacrymis
1727 3628 1963 3687 subinde
