2410 4114
943 270 1071 316 PARS
1102 269 1273 317 PRIMA.
1850 321 1860 330 ‚
2002 265 2060 312 25

171 383 232 434 ut
268 382 412 433 esset
440 379 658 433 unitatis
690 379 836 448 oriqo
871 384 918 431 et
945 377 1108 430 ratio.
1150 375 1318 431 Porro
1339 373 1626 450 'primatus
1660 371 1804 428 meri
1831 371 2061 428 honoris

171 475 443 532 unitatem
490 476 797 549 producere
824 491 934 529 non
980 479 1188 545 posset,
1220 491 1322 530 nec
1363 471 1599 548 proinde
1642 472 1782 528 foret
1826 469 2062 527 unitatis

173 574 325 646 origo
352 581 405 629 et
430 574 592 630 ratio.

248 673 623 726 Tnaruiimaus.
657 700 734 710 —
759 688 787 718 «
820 666 1002 721 Latuit
1030 665 1244 738 aliquid
1263 667 1510 737 Petrum,
1531 668 1869 724 aediticandae
1882 667 2064 723 Eccle-

175 768 267 823 siae
304 773 517 840 petram
567 764 801 832 dictum,
838 763 1019 819 claves
1071 763 1228 835 regni
1271 763 1543 818 coelorum
1576 770 1964 831 consecutum,
2011 770 2062 819 et

174 861 417 918 solvendi
445 866 496 917 et
531 860 797 933 alligandi
843 860 901 914 in
939 859 1092 915 eoelis
1123 865 1174 914 et
1210 859 1268 914 in
1301 858 1468 915 terris
1500 861 1872 934 potestatem?
1907 882 1933 911 »
1965 861 2066 934 (De

172 960 677 1034 Praescriptionibus,
725 976 845 1033 cap.
891 959 984 1029 22,
1032 979 1086 1033 p.
1134 958 1269 1030 2091,
1313 958 1447 1015 edit.
1481 958 1699 1013 Venetae
1759 957 1954 1027 1748.)
1990 991 2066 997 —

177 1079 204 1111 «
232 1058 394 1120 Quae¹
426 1074 594 1131 super
625 1056 822 1111 illum²
850 1055 1118 1111 aedificata
1152 1078 1178 1107 »
1203 1054 1295 1129 (de
1324 1055 1690 1128 Monogamia,
1725 1073 1847 1129 cap.
1886 1053 1961 1124 8).
1994 1086 2063 1094 -

173 1157 231 1210 ln
258 1156 398 1210 libro
436 1155 503 1210 dc
533 1155 825 1224 Pudicitia,
863 1173 1029 1227 quein
1060 1155 1119 1209 in
1152 1154 1407 1210 haeresim
1437 1154 1555 1227 jam
1594 1154 1787 1228 lapsus
1819 1153 2064 1227 scripsit,

173 1255 254 1311 sic
281 1254 594 1308 Romanuin
621 1253 939 1308 Pontificem
963 1253 1272 1326 redarguit,
1294 1252 1442 1325 quod
1462 1253 1567 1308 sibi
1594 1253 1865 1308 tribueret
1889 1257 2068 1326 potcs-

173 1357 344 1407 tatem
375 1356 620 1424 peccata,
649 1357 772 1423 post
801 1351 1146 1424 baptismum
1179 1356 1420 1424 patrata,
1449 1350 1851 1424 poenitentibus
1886 1349 2072 1404 dimit-

176 1448 325 1502 tendi
358 1469 367 1499 :
407 1470 433 1499 «
463 1448 669 1502 Exhibe
705 1466 855 1501 nunc
888 1447 1051 1515 inihi,
1081 1447 1414 1520 Apostolice,
1450 1447 1773 1519 prophetica
1816 1446 2069 1518 exempla

178 1549 229 1598 ct
270 1561 563 1614 agnoscam
605 1543 972 1610 divinitatem,
1019 1548 1071 1596 et
1117 1543 1333 1596 vindica
1383 1542 1482 1595 tihi
1544 1541 1874 1595 delictorum
1922 1542 2067 1613 ejus·

178 1639 325 1694 modi
373 1638 838 1693 remittendorum
882 1643 1281 1711 potestatem...
1332 1639 1403 1691 De
1457 1644 1552 1691 tua
1590 1656 1739 1692 nunc
1791 1638 2065 1693 sententia

177 1752 386 1805 quaero,
416 1734 563 1788 unde
594 1735 696 1787 hoc
717 1733 810 1804 jus
843 1733 1096 1787 Ecclesiae
1129 1750 1388 1805 usurpes.
1423 1732 1476 1784 Si
1509 1732 1639 1802 quia
1671 1732 1869 1786 dixerit
1911 1734 2066 1787 Petro

173 1830 460 1897 DominuS,
510 1848 664 1903 super
703 1830 836 1883 lianc
875 1829 1090 1883 Petram
1133 1829 1394 1900 {edificabo
1422 1827 1706 1882 Ecclesiam
1742 1845 1932 1895 meam,
1979 1830 2070 1882 tibi

176 1927 295 1982 dedi
323 1929 563 1982 claves...
595 1926 799 1980 idcirco
829 1925 1122 1999 praesumis
1159 1930 1209 1979 et
1243 1925 1309 1979 ad
1342 1931 1394 1979 te
1427 1924 1708 1979 derivasse
1740 1924 1989 1979 solvendi
2018 1929 2070 1979 et

177 2023 441 2096 alligandi
475 2029 902 2098 potestatem...‚
938 2023 1122 2095 qualis
1149 2028 1201 2076 et
1234 2028 1484 2077 evertens
1511 2027 1678 2095 atque
1711 2028 2071 2077 commutans

178 2121 532 2176 manifestam
590 2120 807 2174 Domini
868 2120 1235 2175 intentionem
1262 2164 1276 2189 ,
1333 2119 1702 2192 personaliter
1759 2121 1861 2174 lioc
1913 2120 2070 2174 Petro

177 2219 589 2274 conferentem?
623 2219 788 2291 Super
824 2225 894 2288 te,
928 2218 1133 2290 inquit,
1166 2219 1425 2290 aedificabo
1476 2217 1759 2273 Ecclesiam
1801 2235 1990 2286 meam,
2023 2226 2071 2272 et

176 2319 267 2371 tibi
313 2318 441 2371 dabo
489 2318 678 2384 claves,
730 2334 843 2370 non
870 2315 1145 2371 Ecclesiae.
1184 2337 1211 2368 »
1251 2316 1345 2375 (De
1374 2316 1664 2384 Pudicitia,
1699 2334 1823 2389 cap.
1852 2315 1970 2386 21.)
2001 2348 2070 2355 -

182 2433 207 2461 «
244 2412 418 2466 Audio
463 2412 630 2466 etiam
664 2399 921 2468 >edictum
967 2430 1087 2468 esse
1129 2412 1477 2486 propositum
1509 2418 1563 2467 et
1594 2412 1821 2484 quidem
1857 2430 2071 2486 perem-

181 2507 424 2580 ptorium
477 2526 487 2557 ε
539 2508 788 2578 Pontifex
839 2509 1049 2563 scilicet
1107 2509 1389 2575 Maximus,
1450 2509 1597 2580 quod
1652 2515 1733 2563 est
1787 2510 2071 2581 Episcopus

179 2603 588 2675 Episcopormn⁵
619 2601 782 2656 edicit
819 2624 829 2655 ε
865 2604 973 2674 Ego
1021 2610 1071 2658 et
1105 2605 1335 2659 mechia}
1366 2611 1417 2658 et
1450 2605 1835 2658 fornicationis
1867 2604 2065 2660 delicta

183 2698 502 2773 poenitentia
546 2698 752 2753 functis
806 2699 1048 2754 dimitto,
1088 2722 1114 2751 »
1145 2701 1245 2773 (De
1291 2701 1579 2771 Pudicitia,
1630 2720 1751 2775 cap.
1799 2702 1877 2769 1.)
1928 2703 2064 2756 Cum

181 2796 479 2851 asseruerit
510 2797 884 2851 Tertullianus
927 2796 1251 2852 aedificatam
1285 2816 1452 2871 super
1482 2798 1700 2853 Petrum
1739 2798 2060 2868 Ecclesiam,

184 2893 287 2947 hoc
333 2894 473 2966 ipso,
522 2894 827 2948 fatentibus
885 2893 1235 2962 adversariis,
1282 2895 1521 2950 asseruit
1552 2896 2061 2968 jurisdictionalem

181 2990 300 3062 ejus
332 2988 657 3060 primatum.
1093 2985 1101 2991 ’

255 3086 306 3140 S.
339 3086 577 3140 linimus,
608 3117 676 3124 —
706 3107 732 3137 «
766 3086 966 3148 Quanti
998 3104 1128 3158 ergo
1157 3087 1340 3143 meriti
1381 3090 1528 3162 apud
1566 3090 1861 3146 Dominum
1895 3107 2061 3145 suum

178 3178 370 3234 Petrus
414 3187 552 3249 erat,
599 3187 658 3235 ut
695 3181 743 3235 ei
792 3188 914 3255 post
962 3182 1229 3239 naviculae
1283 3203 1462 3258 parvae
1506 3187 1824 3258 remigium,
1890 3185 2062 3239 totius

178 3276 432 3331 Ecclesiae
458 3278 834 3347 gubernacula
860 3279 1250 3337 traderentur?
1276 3302 1302 3333 »
1333 3282 1529 3354 (Serin.
1569 3285 1621 3351 5,
1651 3283 1717 3336 de
1741 3283 1780 3335 A
1789 3282 1958 3354 post.)

234 3410 283 3464 (1)
317 3410 361 3449 ld
386 3416 462 3459 est,
492 3412 693 3451 Ecclesia.

228 3475 286 3527 (2)
317 3476 358 3522 ω
375 3482 450 3525 est,
478 3478 662 3525 Petrum,
686 3483 811 3527 prout
832 3483 944 3530 patet
968 3491 1016 3518 ex
1041 3484 1249 3520 contextu.

233 3542 284 3596 (5)
315 3543 464 3583 Irridet
496 3543 664 3594 quidem
687 3543 742 3582 ibi
764 3544 1001 3593 catholicos,
1020 3549 1062 3584 at
1086 3544 1212 3585 simul
1237 3550 1427 3604 testatur⁶
1441 3545 1610 3586 solitum
1627 3546 1716 3598 jain
1737 3551 1839 3587 tunc
1856 3545 2057 3598 temporis

174 3608 403 3649 Romanuin
427 3610 619 3650 autistem
648 3611 699 3650 ab
732 3611 830 3662 ipsis
853 3612 1068 3663 designari
1094 3612 1208 3652 hisce
1234 3612 1656 3665 denominationibus,
1678 3613 2059 3665 jurisdictionalern

173 3676 400 3727 primatum
422 3678 639 3718 manifeste
663 3678 952 3730 arguentibus·
