2320 4010
826 220 956 267 PARS
985 219 1224 267 SECUNDA.
1875 213 1963 260 519

90 331 429 398 Pontificem,
464 335 615 401 gesta
644 327 796 383 illius
825 326 1044 382 concilii
1069 326 1445 383 confirmasse.
1461 324 1595 380 Nam
1621 322 1689 379 ab
1714 321 1810 376 illa
1835 338 1965 377 con-

91 428 399 484 firmatione
415 431 600 482 nostra
628 426 740 481 baec
764 424 950 499 opinio
970 424 1353 480 confirmatur.
1373 422 1426 478 Si
1449 421 1599 479 enirn
1623 420 1843 477 decreta
1866 417 1963 473 illa

94 524 300 592 omnia,
332 521 570 596 exceptis
610 520 831 576 casibus
870 520 925 575 in
961 521 1166 592 quibus
1214 519 1464 576 Ecclesiae
1503 516 1815 593 periculum
1860 514 1962 568 im·

96 619 358 686 minebat,
392 617 548 673 irrita
587 634 695 671 non
732 615 969 671 fuissent
1001 617 1071 671 ob
1115 632 1392 690 supremae
1424 613 1699 670 defectum
1727 608 1966 667 auctori-

94 715 243 782 tatis,
290 715 474 769 Patres
511 712 590 767 illi
634 730 742 768 non
786 712 1139 768 affectassent
1181 718 1243 767 ut
1283 730 1312 767 a
1353 719 1503 767 certo
1542 710 1659 783 jam
1709 707 1967 764 Pontifice

93 809 551 882 approbarentur.
579 807 711 862 Cum
739 813 923 863 autem
953 807 1216 862 Martinus
1250 807 1328 862 eis
1353 808 1639 862 dumtaxat
1669 805 1844 860 robur
1873 803 1968 859 ad-

92 905 288 959 diderit
321 921 441 976 quae
470 902 596 958 fidei
632 909 784 968 sunt,
820 907 883 957 ut
918 902 975 956 in
1005 902 1425 957 confirmatione
1452 902 1679 973 legitur,
1711 901 1852 954 illud
1883 917 1966 955 se-

90 1000 302 1070 quitur,
334 1006 398 1054 ut
437 999 542 1053 alia
569 999 752 1053 omnia
794 998 851 1051 in
878 1015 975 1052 sua
1007 997 1413 1071 permanserint
1444 996 1792 1051 infirmitate.
1825 996 1967 1049 Prae-

90 1103 234 1150 terea
288 1094 502 1149 etiamsi
553 1094 821 1149 Martinus
872 1094 1136 1150 voluisset
1191 1095 1345 1150 nullo
1404 1094 1593 1149 habito
1638 1092 1966 1147 discrimine

89 1190 270 1245 omnia
292 1190 641 1258 confirmare,
671 1190 724 1245 id
755 1191 810 1244 in
834 1208 1214 1247 successorum
1242 1191 1628 1265 praejudicium
1651 1190 1746 1261 qui
1771 1207 1964 1263 parem

93 1275 284 1342 liabent
316 1294 636 1360 potestatem
677 1288 851 1342 facere
888 1307 997 1343 non
1023 1289 1315 1362 potuisset.
1357 1289 1426 1342 Ea
1468 1295 1651 1343 tamen
1684 1304 1805 1358 quae
1839 1286 1967 1341 fidei

93 1390 222 1437 sunt
251 1382 480 1455 excipiO,
505 1383 708 1454 quibus
730 1401 1081 1439 successores
1108 1384 1271 1439 etiam
1301 1383 1728 1455 astringuntur:
1762 1381 1819 1435 in
1842 1380 1971 1436 reli-

93 1477 217 1549 quis
245 1495 418 1533 secus.
447 1499 473 1530 »

166 1574 439 1628 Pnorosmo
466 1573 652 1627 1x⁸.-
665 1574 815 1629 Dicta
839 1576 1046 1630 decreta
1066 1576 1485 1631 Constantiensia
1503 1576 1753 1630 sessionis
1770 1582 1970 1645 quartae

91 1678 139 1722 rt
169 1671 350 1739 quintae
380 1670 522 1722 nihili
554 1669 792 1737 facienda
820 1681 959 1739 sunt,
993 1675 1112 1743 quia
1136 1672 1294 1744 onice
1324 1674 1392 1726 ad
1430 1674 1704 1727 schismata
1735 1671 1964 1725 cledaoee-

91 1773 229 1831 runt,
259 1766 566 1835 fueruntque
583 1767 812 1834 qenerali
847 1766 1091 1821 Ecclesiae
1120 1785 1275 1821 sensu
1306 1776 1356 1821 et
1377 1770 1535 1839 praxi
1571 1768 1866 1838 reprobata.
1897 1796 1969 1806 ——

90 1860 194 1913 llac
224 1859 288 1913 de
323 1876 382 1914 re
422 1860 497 1914 sic
520 1861 829 1916 Cardinalis
862 1861 1053 1915 Albani
1091 1863 1175 1934 (de
1198 1863 1467 1917 potestate
1498 1864 1670 1934 Papae,
1708 1867 1863 1934 parte
1899 1862 1962 1929 ΙΙ,

86 1972 141 2007 n.
191 1955 294 2008 257
338 1961 388 2009 et
426 1972 541 2026 seq.
579 1977 588 2008 :
626 1957 734 2011 «Et
765 1957 932 2027 hujus
962 1957 1311 2012 solidissimae
1352 1958 1729 2012 conclusionis
1766 1957 1966 2012 verita-

87 2056 195 2104 tem
237 2051 566 2123 apertiorem
606 2053 718 2108 fore
757 2053 1099 2109 arbitramur
1133 2054 1176 2109 si
1224 2054 1453 2109 effectus
1494 2054 1969 2110 animadvertatur

86 2144 181 2215 qui
212 2144 410 2201 deinde
431 2147 497 2201 ab
523 2146 634 2202 illis
660 2149 1038 2203 sanctionibus
1070 2151 1172 2203 hoc
1199 2149 1360 2203 modo
1388 2149 1682 2205 intellectis
1707 2166 1969 2222 provene-

89 2246 241 2293 runt.
284 2240 470 2294 Solent
510 2242 661 2296 enirn
702 2261 881 2298 causae
915 2246 981 2299 ab
1021 2245 1223 2299 effectu
1263 2246 1593 2316 plerumque
1633 2245 1965 2315 cognosci...

90 2334 357 2388 Caeterum
389 2334 521 2405 quid
568 2337 718 2391 aliud
758 2356 924 2408 quam
959 2339 1257 2393 schismata
1291 2345 1344 2393 et
1379 2357 1574 2410 magna
1617 2339 1674 2392 in
1722 2340 1968 2397 Ecclesia

90 2428 178 2483 Dei
214 2429 443 2485 dissidia
475 2435 840 2504 pepererunt?
870 2433 1204 2489 Basileenses
1226 2435 1375 2488 enim
1411 2453 1602 2490 earum
1641 2438 1969 2492 auctoritate

90 2525 442 2597 potissimum
479 2528 628 2595 freti,
660 2529 967 2600 Eugenium
1007 2531 1067 2584 lV
1099 2549 1200 2585 sua
1239 2531 1513 2586 sententia
1543 2532 1609 2586 de
1638 2533 1764 2586 sede
1793 2532 1967 2603 ejece-

92 2629 243 2689 runt,
288 2623 456 2678 electo
489 2623 543 2677 in
580 2625 699 2696 ejus
729 2626 910 2680 locum
951 2626 1146 2682 Felice.
1189 2628 1426 2683 Tandem
1463 2634 1648 2683 tamen
1676 2636 1817 2704 nutu
1851 2629 1965 2698 Dei,

85 2722 137 2770 et
170 2717 406 2788 Eugcnio
429 2726 482 2773 et
516 2719 735 2775 Nicolao
769 2723 887 2794 ejus
923 2725 1226 2778 successori
1256 2725 1584 2780 universalis
1615 2725 1845 2781 adbaesit
1870 2726 1967 2780 Er-

84 2811 273 2881 clcsia,
313 2819 363 2868 et
402 2815 668 2871 merit0...
720 2817 843 2871 Dico
885 2818 1156 2891 synodum
1198 2820 1351 2875 illam
1401 2821 1817 2892 (Basileensem)
1864 2840 1966 2894 pro

86 2908 251 2963 certis
309 2913 687 2966 tantummodo
741 2914 978 2986 negotiis
1032 2917 1381 2990 expediendis
1424 2918 1596 2974 fuisse
1643 2919 1959 2986 collectam3

91 3002 355 3057 nimirum
394 3012 456 3060 ut
497 3008 806 3065 Gra-ecorum
853 3019 905 3067 et
956 3013 1272 3094 Latinorum
1312 3014 1538 3086 antiqua
1576 3022 1624 3069 et
1672 3014 1965 3069 notissima

90 3095 315 3152 dissidia
346 3100 687 3169 tollerentur,
722 3111 782 3160 ut
819 3108 1058 3164 haeretici
1093 3110 1521 3176 damnarentur,
1558 3116 1720 3179 atquc
1755 3114 1815 3162 ut
1853 3109 1968 3162 bel-

91 3192 269 3247 lorum
307 3195 630 3252 discrimina
669 3201 846 3256 sedari
894 3213 1139 3275 possent,
1182 3213 1244 3259 ut
1288 3213 1479 3259 notum
1520 3212 1656 3259 erat.
1698 3204 1868 3275 quue
1904 3222 1967 3259 ex

91 3287 257 3358 gestis
300 3288 449 3344 illius
492 3293 711 3347 concilii
750 3314 877 3352 vere
906 3298 1112 3370 percipi
1151 3305 1350 3370 potest,
1389 3300 1434 3354 si
1478 3306 1625 3354 recte
1662 3300 1968 3372 capitulum

92 3383 226 3438 illud
268 3386 645 3442 consideretur
691 3389 746 3444 in
786 3409 896 3463 quo
942 3391 1095 3447 illius
1126 3395 1564 3466 congregationis
1602 3396 1837 3452 intentio
1877 3398 1971 3453 de-

91 3480 354 3535 claratur.
388 3483 518 3538 Cum
548 3485 714 3556 igitur
740 3488 897 3543 multi
923 3489 1173 3564 Episcopi
1202 3491 1270 3546 ob
1299 3509 1493 3547 causas
1520 3502 1969 3567 praememoratas

95 3575 162 3630 ad
189 3575 324 3632 illud
353 3579 646 3634 concilium
677 3599 784 3636 non
811 3585 1165 3655 accesserint,
1196 3586 1290 3658 qui
1334 3588 1526 3660 procul
1561 3588 1731 3644 dubio
1774 3590 1842 3645 ad
1876 3591 1969 3647 dc-
