2372 4108
929 226 1052 271 PARS
1080 225 1250 271 PRIMA.
1978 224 2037 270 47

150 347 409 399 sanctum
452 339 674 394 Petrum
715 334 1063 410 Apostolum.
1092 333 1286 404 Igitur,
1319 331 1460 389 teste
1490 337 1680 388 sancto
1716 331 2032 407 HippolytO,

150 441 334 496 Romae
357 436 461 493 fuit
489 441 720 492 sanctus
741 434 954 490 Petrus.

226 538 361 591 Nom
384 535 613 590 ultimos
639 531 890 605 quinque
913 532 1081 584 testes
1112 526 1358 582 secundo
1386 526 1588 583 saeculo
1614 525 1890 596 floruisse,
1906 526 2036 582 licet

157 633 318 689 tertio
345 631 605 687 obierint.

229 732 290 785 ll.
321 731 606 784 Tas‘rfflonm
632 743 788 780 'rcum
813 740 1009 778 sAEcuu.
1030 754 1100 762 -—
1125 723 1181 776 1ο
1205 721 1403 777 Auctor
1431 724 1602 793 oper-is
1623 740 1799 777 recens
1816 723 2034 794 vulqati,

152 827 288 902 qapcl
315 825 613 880 inscribitur
637 821 1165 894 Philosophumena.
1203 851 1271 858 —
1298 818 1743 891 Manuscriptum
1772 819 1946 887 istud,
1980 820 2038 874 in

152 921 487 978 monasterio
519 918 714 974 Montis
749 917 878 973 Atbi
924 922 1232 990 repertum,
1263 915 1458 983 edidit,
1492 916 1550 969 in
1588 915 1805 987 Anglia,
1838 915 2034 970 Miller.

62 1057 69 1063 -
149 1019 280 1091 Ejus
321 1022 536 1086 auctor,
573 1015 669 1088 qui
697 1015 877 1070 medio
918 1013 1119 1069 saeculo
1159 1012 1322 1067 tertio
1353 1011 1561 1081 floruit,
1602 1010 1785 1066 adhuc
1816 1011 2039 1084 ignotus

150 1118 420 1168 remanet.
451 1115 514 1167 At
543 1118 689 1168 certe
723 1111 907 1184 ipsum
939 1109 1308 1165 furibundum
1338 1108 1761 1164 schismaticum
1786 1113 1837 1163 et
1865 1110 2038 1164 haere-

148 1209 321 1264 ticum
364 1209 612 1264 extitisse
653 1208 769 1280 jam
802 1208 967 1281 plane
1012 1212 1361 1280 compertum
1393 1212 1496 1260 est.
1524 1204 1595 1260 De
1626 1223 1736 1276 quo
1759 1204 1883 1259 vide
1902 1223 2041 1278 opus

149 1305 209 1358 I).
237 1306 446 1375 Cruice,
474 1305 835 1360 Massiliensis
869 1304 1143 1378 Episcopi,
1167 1292 1362 1358 Etudes
1386 1321 1478 1357 sur
1501 1293 1564 1356 de
1590 1319 1863 1357 nouveauae
1883 1303 2042 1357 docu-

150 1411 314 1457 ments
340 1404 666 1475 historiques,
686 1406 976 1476 empranle's
995 1406 1025 1456 ὰ
1046 1402 1311 1472 l’ou-vraye
1330 1404 1640 1455 re'cemment
1659 1401 1932 1455 (le'couvert
1951 1401 2043 1455 des

151 1498 600 1567 Pintosornmims,
643 1499 821 1568 Paris,
858 1499 1037 1562 1855,-
1093 1516 1308 1553 necnon
1363 1497 1814 1551 dissertationem
1868 1497 2042 1569 patris

155 1593 416 1664 Torquati
442 1594 752 1663 Armellini,
783 1594 838 1648 in
862 1594 1092 1665 collegio
1114 1594 1360 1648 Romano
1381 1593 1626 1648 historiae
1655 1593 2042 1648 ecclesiastica}

156 1690 504 1761 professoriS,
530 1692 592 1744 cle
609 1692 791 1746 Prisca
809 1690 1146 1759 Refictalioue
1168 1692 1448 1759 haereseon,
1471 1689 1709 1759 Oriqenis
1726 1694 1957 1759 nomine,
1985 1709 2044 1745 ac

153 1783 614 1839 PfflzosornqumN
646 1786 816 1854 tilulo,
840 1803 1018 1841 recens
1035 1785 1280 1857 culquam
1311 1785 1507 1850 Romae,
1532 1782 1699 1837 1862.

227 1881 391 1936 Porro
419 1882 476 1936 in
504 1882 649 1937 dieto
676 1883 1184 1954 Philosophumenon
1212 1899 1397 1955 opere,
1434 1881 1578 1935 libro
1603 1886 1778 1950 sext0,
1808 1881 2043 1952 loquens

155 1983 346 2032 auctor
386 1978 451 2033 de
484 1979 687 2035 celebri
719 1978 940 2035 Simone
966 1979 1140 2050 MagO,
1185 1978 1264 2032 sic
1298 1978 1463 2032 habet
1490 1999 1502 2031 ε
1534 1999 1560 2029 «
1593 1979 1770 2032 Donec
1810 1977 2041 2032 Romam

156 2078 414 2131 secedens
463 2077 737 2151 Apostolis
777 2095 894 2132 sese
948 2077 1225 2150 opposuit.
1269 2079 1332 2130 At
1375 2095 1504 2131 cum
1548 2076 1780 2147 magicis
1827 2075 2044 2130 artibus

156 2173 361 2228 multos
408 2174 707 2247 deciperet,
759 2174 808 2229 ei
853 2175 1045 2229 Petrus
1096 2175 1454 2229 vehementer
1497 2174 1720 2229 restitit.
1783 2195 1810 2226 »
1872 2173 2046 2245 Igitur

154 2269 338 2326 Romae
363 2278 497 2326 tunc
525 2272 714 2327 aderat
743 2272 796 2327 S.
821 2273 1034 2328 Petrus

230 2367 285 2420 2⁰
313 2366 655 2438 Origenes—
681 2368 803 2423 Haec
830 2368 949 2440 ejus
971 2369 1139 2423 verba
1166 2367 1338 2423 refert
1362 2367 1635 2423 Eusebius
1659 2367 1775 2437 (lib.
1807 2367 1894 2435 Ill,
1920 2384 1969 2421 c..
2005 2385 2042 2435 1,

157 2460 387 2530 llistor.)
416 2481 426 2511 ε
463 2481 489 2509 «
519 2462 581 2513 At
604 2463 798 2518 Petrus
822 2481 921 2536 per
938 2464 1198 2532 Pontum,
1224 2464 1519 2533 Galatiam,
1547 2463 1885 2536 Bithyniam,
1908 2462 2042 2534 Cap-

162 2556 448 2629 padociam
477 2564 644 2627 atque
670 2558 1082 2627 Asiamjudaeis
1110 2559 1205 2630 qui
1247 2560 1303 2612 in
1347 2559 1692 2630 dispersione
1718 2564 1874 2612 erant
1907 2573 2044 2627 prae-

162 2653 374 2708 dicasse
400 2653 771 2708 existimatur.
802 2653 903 2715 Qui
946 2654 1013 2708 ad
1063 2661 1374 2708 extremum
1419 2653 1648 2706 Romam
1694 2653 1921 2707 veniens
1979 2655 2045 2722 (εν

168 2749 354 2817 Ῥώμης
377 2754 675 2820 γενεμενες),
698 2748 851 2803 cruci
876 2748 1108 2802 suffixus
1137 2755 1215 2803 est
1242 2748 1423 2821 capite
1450 2748 1708 2803 deorsum
1739 2749 2040 2803 demissa»

163 2845 342 2900 Finita
370 2846 635 2901 citatione
662 2844 947 2917 subjungit
967 2844 1238 2899 Eusebius
1265 2867 1276 2898 ε
1314 2866 1341 2896 «
1366 2844 1485 2899 Haec
1511 2844 1769 2916 Origenes
1794 2845 1853 2898 in
1880 2844 2043 2900 tertio

161 2942 442 2996 volumine
472 2941 869 3013 Expositionum
906 2943 958 2995 in
985 2940 1223 2997 Genesim
1250 2940 1473 2996 disertis
1500 2941 1682 2996 verbis
1708 2960 2043 2998 commemo-

167 3046 270 3093 rat.
310 3061 336 3091 »

243 3135 297 3187 5⁰
319 3136 375 3190 S.
406 3136 717 3207 Cyprianus
742 3166 810 3173 —
830 3135 987 3191 Libro
1007 3137 1047 3205 1,
1075 3135 1316 3210 Epistola
1349 3136 1380 3190 5
1407 3136 1475 3190 ad
1499 3136 1814 3192 Cornelium
1846 3157 1857 3187 z
1883 3135 2043 3191 Navi-

166 3247 292 3299 yare
323 3231 515 3285 audent
547 3234 615 3285 acl
644 3232 791 3287 Petri
823 3233 1121 3287 cathedram
1157 3242 1309 3305 atque
1354 3233 1423 3287 acl
1462 3233 1748 3287 Ecclesiam
1785 3231 2046 3302 principa-

167 3325 268 3380 lem
297 3329 434 3382 unde
461 3329 633 3383 imitas
648 3330 989 3385 sacerdotalis
1007 3341 1189 3388 exorta
1208 3341 1283 3388 est
1295 3356 1311 3397 ;
1330 3351 1360 3386 α
1376 3333 1717 3387 schismaticis
1738 3337 1784 3385 el
1802 3330 2045 3402 profanis

168 3423 370 3477 litteras
387 3425 531 3494 serre
547 3447 564 3489 ;
589 3443 683 3480 nec
710 3428 933 3496 coqitare
970 3445 1056 3482 eos
1087 3445 1198 3483 esse
1230 3429 1511 3495 Romanos,
1558 3427 1625 3479 ad
1655 3442 1783 3496 quos
1815 3425 2044 3497 perfidia

167 3520 357 3574 habere
399 3538 502 3575 non
539 3524 707 3593 possit
743 3540 1021 3578 accessam.
1073 3522 1134 3577 Et
1183 3523 1324 3577 libro
1361 3523 1445 3589 IV,
1495 3521 1735 3595 Epistola
1776 3523 1808 3578 2
1836 3520 1904 3575 ad
1943 3520 2045 3574 An-

165 3617 455 3673 tonianum
497 3639 507 3671 :
552 3617 743 3674 Faetus
787 3628 863 3675 est
910 3619 1183 3675 Cornelius
1216 3620 1520 3693 Episcopus,
1561 3636 1672 3673 cum
1714 3616 1930 3674 Fabiani
1969 3618 2048 3674 lo-
