2320 4010
914 58 946 81 Ι

886 202 1010 252 PARS
1038 196 1210 252 emin.
1903 157 2026 248 175·

110 306 226 363 bat.
259 303 498 364 Flavitas
525 314 735 379 autem,
783 314 844 366 ut
875 309 1077 366 melius
1135 308 1420 385 perfidiam
1470 324 1629 365 suam
1680 306 1985 381 obtegeret,

106 403 271 460 etiam
322 410 452 460 ante
504 404 1021 463 inthronizationem
1074 423 1235 462 suam
1279 405 1457 463 voluit
1508 402 1987 462 confirmationem

109 499 379 558 obtinere.
416 502 480 558 At
531 502 744 559 litteras
788 502 1204 559 communionis
1243 502 1545 574 concedere
1575 501 1796 560 distulit
1846 500 1987 557 Felix

108 599 267 674 Papa,
307 599 402 672 qui
424 599 540 673 jam
571 606 893 674 suspectum
928 598 988 654 in
1027 598 1130 655 fide
1170 598 1432 655 Flavitam
1485 599 1741 656 habebat.
1774 598 1987 656 Interea

53 686 59 691 ’
111 701 292 752 tamen
318 696 665 770 diligentiam
692 698 809 772 ejus
855 698 914 753 in
959 697 1299 754 recurrendo
1343 695 1412 751 ad
1445 695 1639 753 Sedem
1679 696 1986 754 Romanam

112 790 350 849 laudavit
376 791 463 848 his
490 792 675 849 verbis
706 812 716 845 :
740 793 876 848 Dum
895 793 1093 848 scilicet
1128 792 1196 847 ad
1224 792 1581 864 Apostolicam
1611 791 1797 848 Sedem
1836 812 1988 866 requ-

116 887 291 944 lariter
336 887 648 959 destinatur,
687 907 784 962 per
814 906 987 961 quam,
1020 906 1284 943 naaman:
1315 886 1545 955 Cnn1sr0,
1583 904 1766 941 ommim
1796 905 1987 942 somm-

109 1003 202 1039 run
239 1003 453 1041 memus
506 1003 810 1043 sacenno'rtni
858 987 1001 1059 (eam
1040 984 1237 1042 Felicis
1288 984 1578 1058 epistolam
1622 983 1793 1040 habes
1838 982 1986 1058 apud

110 1081 301 1154 Mansi,
349 1089 496 1140 tomo
538 1084 623 1139 VIl
667 1084 1059 1155 Conciliorum,
1103 1085 1208 1140 col.
1262 1083 1429 1150 1100,
1480 1082 1611 1139 edit.
1653 1081 1985 1150 Florentiae).

111 1181 301 1256 Igitur,
334 1190 573 1241 testante
595 1183 768 1240 Felice
800 1185 963 1259 Papa,
993 1202 1137 1240 anno
1164 1183 1294 1251 489,
1331 1200 1431 1258 per
1461 1183 1775 1239 Romanum
1801 1179 1990 1236 Ponti-

114 1276 266 1335 ficem
292 1280 549 1334 solidatur
579 1282 802 1335 omnium
835 1281 1206 1354 Episcopornm
1239 1286 1516 1354 potestas;
1547 1280 1713 1353 idque
1740 1280 1990 1351 largiente

120 1373 339 1447 Christo,
370 1376 426 1432 id
454 1380 557 1444 est,
587 1375 712 1447 jure
758 1375 962 1432 divino.
1015 1377 1243 1432 Notetur
1287 1382 1468 1432 autem
1505 1396 1608 1432 vox
1642 1379 1887 1448 omnium.
1927 1375 1989 1428 In

120 1469 331 1529 Oriente
367 1473 596 1541 scilicet,
631 1472 698 1527 ad
727 1472 1051 1529 firmandam
1093 1474 1504 1529 ordinationem
1537 1472 1991 1547 metropolitano-

125 1585 244 1624 rum
259 1577 307 1627 et
327 1579 646 1627 caeterorum
670 1571 1016 1627 necessarius
1041 1579 1157 1628 crat
1196 1570 1485 1646 respectivi
1516 1571 1841 1626 Patriarchae
1866 1588 1990 1626 con-

125 1678 338 1721 sensuS.
381 1669 444 1721 At
475 1684 599 1722 cum
622 1663 982 1737 ipsorummet
1017 1666 1464 1722 Patriarcliarum
1504 1666 1666 1722 firma
1697 1685 1807 1722 non
1835 1666 1991 1723 fieret

123 1763 391 1821 ordinatio
434 1766 540 1821 nisi
572 1780 669 1836 pei·
705 1763 1018 1818 Romanum
1063 1764 1405 1831 Pontificem,
1463 1764 1718 1835 sequitur
1763 1766 1989 1819 omnium

119 1858 350 1914 Orientis
393 1861 779 1934 Episcoporum
829 1861 1155 1934 dignitatem
1191 1881 1220 1916 a
1269 1861 1407 1916 Sede
1454 1861 1765 1934 Apostolica
1815 1862 1990 1917 robur

111 1974 275 2012 suum
301 1958 595 2032 excepisse.
615 1959 674 2013 In
693 1959 984 2016 Occidente
1000 1966 1183 2016 autem
1212 1959 1358 2017 idem
1382 1960 1678 2034 praestabat
1701 1960 1986 2016 Romanus

110 2054 427 2130 Episcopus,
454 2058 621 2114 etiam
649 2065 922 2133 quatenus
944 2058 1276 2115 Patriarcha.

184 2155 582 2230 6⁰Euphernio,
625 2158 721 2232 qui
771 2158 988 2214 Flavitae
1031 2164 1397 2228 successerat,
1439 2158 1711 2214 concessit
1760 2160 1986 2232 quidem

59 2263 70 2281 ⁸
109 2252 253 2308 Felix
277 2253 416 2327 Papa
441 2255 656 2312 litteras
693 2256 1128 2328 communionis,
1162 2262 1216 2311 at
1250 2273 1359 2311 non
1388 2258 1758 2312 communionis
1794 2260 1989 2331 episco-

103 2353 274 2425 pali3‚·
308 2351 366 2407 id
416 2360 519 2424 est,
547 2373 675 2411 eum
703 2355 882 2411 noluit
906 2363 972 2412 ut>
1012 2355 1346 2429 Episcopum
1388 2355 1700 2413 admittere.
1729 2356 1882 2420 Quod
1910 2356 1987 2413 sic

108 2458 290 2508 narrat
325 2452 684 2528 Theophanes
712 2475 722 2509 ε
750 2455 858 2511 Hoc
893 2474 1025 2510 anno
1058 2453 1205 2527 (490)
1239 2455 1514 2525 synodales
1549 2454 1822 2528 Euphemii
1857 2456 1989 2510 litte-

107 2568 191 2606 ras
215 2550 360 2607 Felioe
389 2555 605 2626 occepit,
634 2562 703 2626 et,
742 2562 798 2609 ut
818 2554 1088 2621 catholico,
1110 2554 1480 2608 communionis
1501 2555 1751 2625 impertiit
1778 2571 1987 2608 consor-

108 2651 265 2715 tium3
306 2653 440 2707 hand
476 2660 645 2707 tamen
671 2653 982 2726 Episcopum
1024 2654 1263 2725 aynovit;
1310 2652 1445 2724 qitod
1491 2652 1686 2720 Αεαεὶἱ,
1719 2654 1904 2724 quique
1933 2654 1987 2707 in

106 2747 400 2819 episcopatu
434 2756 753 2803 steccesserat
774 2747 817 2802 F
823 2749 995 2803 lavttae
1030 2766 1261 2803 nomene
1284 2748 1469 2803 tabulis
1489 2748 1851 2803 ecclesiasticis
1884 2766 1985 2802 non

107 2847 415 2916 eoepimaeerit
468 2845 612 2919 (vide
638 2852 849 2902 textum
885 2846 1032 2921 apud
1059 2846 1393 2916 Zaeeariam,
1420 2845 1799 2918 AntifebroniO,
1829 2852 1870 2902 t.
1894 2847 1983 2917 III,

107 2959 228 3014 pag.
258 2942 363 2996 155
388 2948 440 2998 et
468 2943 602 3012 154,
634 2943 765 3000 edit.
795 2944 1031 3025 Cesenae,
1063 2942 1254 3014 1770).
1281 2943 1428 2998 Idem
1452 2948 1694 2999 testatur
1717 2942 1986 3015 Nicepho-

112 3055 208 3092 rus
244 3039 495 3095 Callistus
529 3041 693 3111 (libro
730 3043 836 3097 XVI
879 3042 1125 3098 Historiae
1177 3043 1329 3114 eccl„
1372 3062 1495 3117 cap.
1532 3043 1622 3113 19)
1644 3041 1731 3096 his
1758 3039 1942 3096 verbis
1972 3063 1982 3088 .-

115 3130 279 3184 Porro
309 3132 453 3204 Papa
477 3139 669 3207 scripta
702 3140 902 3208 quidem
932 3140 1071 3194 illins
1097 3142 1311 3212 recepit,
1335 3147 1384 3194 et
1417 3139 1698 3210 Euphemio
1729 3136 1985 3190 velutior-

116 3224 342 3279 thodoaeo
363 3227 530 3296 savit5
564 3230 653 3282 sed
683 3231 827 3284 illum
860 3234 914 3286 in
947 3234 1292 3305 episcopalem
1332 3233 1738 3287 communione-m
1755 3247 1856 3283 non
1893 3229 1985 3282 od-

112 3324 268 3377 misit.
305 3322 477 3396 Igitur
507 3342 615 3380 non
646 3344 810 3381 merae
839 3330 1249 3385 communionis
1273 3330 1488 3384 litteras
1512 3345 1541 3381 a
1577 3327 1822 3381 Romano
1849 3325 1983 3382 Pon-

114 3420 256 3478 tifice
316 3422 560 3497 accipere
598 3424 871 3479 debebant
912 3426 1257 3495 Patriarchae,
1323 3433 1384 3482 ut
1448 3423 1683 3497 legitimi
1731 3424 1982 3500 Episcopi
2083 3476 2096 3484 .

113 3519 427 3589 evaderent,
451 3521 546 3578 sed
576 3522 790 3579 litteras
817 3525 1183 3578 communionis
1202 3522 1526 3596 episcopali&
1562 3521 1619 3578 id
1641 3527 1742 3593 est,
1782 3521 1982 3597 quihus

110 3621 371 3692 tanquam
405 3618 636 3693 legitimi
687 3620 935 3695 Episcopi
981 3620 1423 3694 admitterentur,
1467 3638 1587 3691 seu,
1629 3627 1689 3678 ut
1747 3620 1821 3679 ait
1866 3620 1982 3697 ipse
