2320 4010
298 188 389 234 904
973 176 1270 223 ΤΙἈΟΤΑΤΙῖὃ
1300 175 1368 222 DE
1396 177 1544 223 PAPA.

329 411 354 461 g
378 411 418 450 3.
446 431 501 438 —
516 407 578 446 An
598 406 652 446 de
670 404 756 454 Me
775 404 837 446 sit
859 403 985 445 talem
1011 403 1146 460 (verbi
1170 405 1307 457 gratia
1332 404 1455 447 Pium
1477 403 1544 457 IX)
1573 418 1667 447 esse
1689 417 1909 448 summum
1932 407 2188 450 Pontificem.
2280 391 2300 410 ’ἱ

373 578 535 634 Extat
555 578 704 635 inter
719 578 977 636 doctores
996 579 1305 636 catholicos
1323 579 1591 652 aliqualis
1608 580 1715 636 hac
1736 579 1805 636 de
1824 597 1886 635 re
1902 585 2219 637 controver-

296 675 408 742 sia;
440 676 539 732 sed
569 694 697 749 quae
719 684 981 733 versatur
1007 677 1285 734 duntaxat
1318 678 1376 733 in
1409 677 1630 733 diverso
1662 676 1831 733 modo
1866 676 2220 750 intelligendi

298 792 362 829 ac
385 775 702 849 exponendi
722 776 1027 849 requisitas
1044 777 1396 834 conditiones
1427 783 1490 833 ut
1518 777 1712 850 aliqua
1741 776 2051 852 propositio
2076 775 2150 832 sit
2167 783 2221 834 ct

299 870 411 926 dici
438 870 637 927 debeat
665 873 729 928 de
762 874 888 945 fide.
932 873 1038 929 Alii
1070 892 1276 949 nempe
1300 874 1744 950 propositionem
1794 874 1960 938 hanc,
1998 873 2133 929 Pius
2149 871 2224 930 IX

299 979 381 1025 est
409 989 643 1027 summus
669 971 945 1044 Pontifex,
971 991 1094 1029 esse
1134 974 1202 1029 de
1238 972 1349 1030 fide
1375 979 1601 1046 negant,
1633 991 1695 1027 60
1733 971 1885 1044 quod
1916 969 2223 1045 propositio

2269 354 2301 375 .,

2260 419 2320 725 ἰ

2279 743 2298 798 ἑ

2280 1038 2299 1066 θ·
2286 1016 2309 1028 (Α
2274 810 2312 994 ἕν’*ᾃῗῒἯ

304 1067 399 1123 1113
430 1086 544 1123 11011
595 1069 764 1126 suerit
795 1089 824 1125 a
858 1071 1075 1128 Christo
1122 1089 1386 1146 expresse
1415 1070 1678 1126 revelata.
1722 1068 2087 1125 Contrarium
2130 1067 2224 1123 alii

302 1172 516 1234 tenent,
552 1167 657 1222 hoc
690 1167 990 1224 ratiocinio
1024 1169 1206 1224 innixi
1241 1191 1251 1222 :
1285 1169 1411 1225 Fuit
1442 1169 1773 1236 revelatum,
1799 1175 1851 1224 et
1878 1166 1947 1224 de
1979 1165 2089 1222 fide
2119 1172 2224 1234 est,
2302 1231 2306 1234 ,

301 1263 612 1335 quemlibet
635 1264 879 1320 electum
916 1267 1188 1323 canonice
1226 1267 1286 1322 in
1314 1284 1698 1323 successorem
1737 1265 1882 1322 Petri
1916 1283 2037 1321 esse
2070 1282 2225 1320 sum-

301 1377 461 1414 mum
511 1358 836 1416 Pontificem
879 1383 890 1415 :
932 1362 1164 1419 aliunde
1209 1369 1424 1432 autern,
1474 1362 1626 1434 quod
1662 1362 1793 1417 Pius
1837 1361 1901 1415 1Χ
1923 1349 2225 1417 ‘canonice

299 1460 510 1516 electus
542 1461 736 1532 fuerit,
770 1469 989 1519 constat
1017 1482 1085 1520 ex
1117 1464 1377 1520 Ecclesiae
1403 1463 1753 1537 testimonio,
1784 1480 1909 1536 quae
1954 1463 2115 1518 Pium
2160 1462 2224 1517 IX

297 1565 571 1631 tanquam
607 1561 877 1618 canonice
927 1562 1169 1619 electum
1213 1563 1459 1636 agnovit,
1504 1569 1556 1619 et
1608 1581 1732 1636 quae
1770 1562 1828 1618 in
1865 1561 2223 1635 agnoscendo

299 1675 429 1713 vero
469 1659 652 1733 capite
699 1679 802 1715 suo
842 1678 1032 1717 errare
1078 1680 1191 1717 non
1237 1670 1439 1735 potest.
1481 1662 1677 1735 Igitur,
1712 1661 2006 1735 inquiunt,
2051 1661 2224 1718 semel

302 1757 482 1830 posita
527 1758 809 1830 ejusmodi
849 1759 1158 1830 agnitione,
1205 1760 1541 1834 simpliciter
1586 1761 1652 1814 de
1693 1762 1800 1831 fide
1838 1769 1916 1815 est
1957 1759 2118 1815 Pium
2159 1759 2223 1814 lx

302 1875 424 1912 esse
446 1875 740 1913 summurn
773 1857 1120 1928 Pontificem,
1158 1858 1301 1914 Petri
1333 1859 1544 1915 56111661
1577 1858 1634 1913 111
1656 1859 1905 1933 primatu
1938 1877 2225 1916 511666550-

305 1973 443 2013 rem.

377 2053 495 2117 Quo
529 2073 702 2111 sensu
731 2057 796 2111 de
828 2057 933 2129 fule
960 2056 1029 2112 sit
1063 2056 1210 2112 dicta
1244 2056 1576 2131 propositi0,
1609 2063 1662 2111 et
1683 2074 1795 2128 quo
1817 2073 1987 2111 sensu
2016 2073 2129 2112 non
2151 2055 2224 2112 sit

301 2153 368 2206 de
406 2154 532 2223 fide,
592 2154 672 2210 sic
718 2155 918 2229 exponi
953 2173 1016 2210 36
1055 2155 1284 2229 probari
1313 2161 1530 2229 potest:

380 2250 435 2304 1ο
470 2250 669 2307 Statim
705 2270 768 2308 ac
804 2253 1056 2308 innotuit
1093 2253 1342 2325 aliquem
1375 2253 1554 2309 fuisse
1582 2252 1641 2308 in
1661 2253 1980 2309 Romanum
1998 2251 2222 2308 Pontifi-

304 2366 425 2404 cem
463 2351 732 2406 canonice
764 2351 1006 2407 electum
1042 2351 1367 2421 (innotescit
1415 2360 1604 2407 autem
1650 2370 1716 2407 ex
1749 2351 1894 2407 sacto
1925 2351 2221 2426 Episcopo-

304 2464 433 2501 rum
469 2449 880 2505 catholicorum
917 2450 1250 2506 electionem
1286 2456 1349 2506 ut
1395 2450 1726 2506 canonicam
1770 2447 2220 2523 agnoscentium)

304 2554 499 2600 certum
546 2547 642 2601 hoc
669 2550 784 2620 ipso
819 2551 876 2620 fit
904 2548 1146 2604 6166111111
1196 2547 1521 2604 11311611(111111
1566 2566 1690 2604 6556
1723 2554 1997 2620 tanquam
2023 2547 2225 2601 Roma·

306 2663 443 2699 num
484 2645 833 2717 Pontificem,
863 2649 1010 2703 Petri
1040 2666 1448 2718 successorem,
1475 2647 1793 2720 Christique
1822 2646 2123 2713 vicarium,
2161 2661 2225 2700 ac

305 2743 691 2800 omnimodam
717 2746 766 2801 ei
787 2746 977 2803 deberi
1002 2747 1071 2803 ab
1091 2747 1359 2804 omnibus
1376 2746 1780 2803 obedientiam.
1804 2747 1863 2800 ln
1889 2747 1994 2800 hoc
2013 2749 2225 2819 puncto
2252 2742 2259 2747 ’

301 2841 665 2896 601156111111111
694 2844 995 2916 utriusque
1025 2864 1198 2918 supra
1223 2846 1489 2920 expositae
1528 2845 1814 2920 opinionis
1845 2847 2227 2918 propugnato·

305 2955 418 3007 reS,
452 2955 635 3010 neque
676 2939 861 2994 ullum
899 2947 1046 2998 extat
1078 2944 1182 2997 hac
1221 2943 1289 2998 de
1331 2960 1392 2998 re
1431 2942 1581 3016 apud
1614 2941 1922 2997 catholicos
1961 2939 2223 2995 dubium.

380 3033 437 3088 2⁰
463 3034 771 3109 Propositio
799 3037 938 3106 haec,
980 3038 1110 3092 Pius
1142 3038 1221 3093 IX
1250 3046 1331 3093 est
1360 3038 1630 3093 Romanus
1664 3037 1942 3110 Pontifex,
1981 3055 2097 3092 non
2119 3036 2229 3092 fuit

303 3133 634 3189 immediate
653 3153 718 3191 ac
729 3135 1042 3192 formaliter
1059 3155 1089 3191 a
1108 3135 1326 3192 Christo
1346 3153 1605 3211 expressa
1626 3142 1679 3192 et
1699 3136 1961 3193 revelata.
1991 3135 2230 3191 Proinde

306 3249 408 3287 nec
436 3237 521 3287 est
546 3233 612 3288 de
634 3233 742 3305 fide
765 3233 824 3289 in
852 3252 915 3290 eo
945 3252 1116 3291 sensu
1145 3234 1294 3307 quod
1331 3253 1594 3309 expresse
1639 3253 1703 3291 ac
1733 3234 2050 3291 formaliter
2072 3250 2226 3289 reve-

305 3327 417 3384 lata
445 3327 638 3386 suerit.

387 3427 442 3482 5⁰
474 3427 818 3504 Simpliciter
838 3436 1029 3487 tamen
1061 3431 1125 3487 de
1154 3433 1263 3504 fide
1295 3439 1391 3487 est.
1426 3431 1646 3487 Etenim
1674 3429 1743 3486 de
1778 3429 1887 3486 fide
1920 3435 2001 3486 est
2032 3447 2227 3502 quem-

306 3523 443 3580 libet
474 3526 533 3581 in
563 3527 881 3584 Romanum
911 3529 1237 3586 Pontificem
1263 3529 1534 3586 canonice
1559 3529 1825 3597 electum,
1851 3545 1972 3584 esse
1999 3545 2222 3584 succes-

310 3635 491 3678 sorem
530 3626 713 3682 sancti
744 3626 911 3697 Petri,
941 3634 994 3685 et
1042 3629 1149 3684 hoc
1177 3627 1300 3703 ipso
1324 3627 1501 3684 totius
1526 3626 1785 3683 Ecclesiae
1821 3631 1991 3701 caput
2031 3643 2096 3682 36
2131 3642 2223 3680 su·
