2320 4010
282 188 372 234 558
959 192 1260 241 TRACTATUS
1292 196 1358 241 DE
1390 195 1538 242 PAPA.

348 296 423 353 -Et
455 302 685 354 notetur
709 297 777 353 ab
808 299 1099 375 Episcopis
1125 302 1315 359 Galliae
1345 322 1458 361 non
1481 305 1724 380 exprimi
1756 325 1925 366 suum
1953 311 2022 369 de
2051 317 2210 387 quin-

283 415 398 469 que
423 396 908 471 propositionibus
926 399 1233 474 judicium,
1263 403 1362 459 sed
1386 409 1607 460 tantum
1628 407 1850 481 exposci
1871 409 2208 480 decisionem

283 494 655 551 Pontificiam.
685 496 984 555 Considunt
1018 518 1224 576 nempe
1252 502 1389 558 satis
1417 502 1474 558 in
1508 508 1633 560 tuto
1664 504 1783 562 fore
1806 507 2096 566 veritatem
2121 531 2208 571 ca·
2284 504 2286 506 ⁵

283 591 575 662 tholicam,
608 595 800 650 statim
831 615 895 652 ac
921 596 1088 654 Sedes
1123 599 1434 673 apostolica
1457 601 1927 675 pronuntiaverit.
1946 605 2066 662 ·Ilac
2085 626 2210 683 ergo
2279 659 2284 663 .

285 711 484 749 eorum
524 695 786 770 epistola,
827 697 874 753 si
916 704 1129 756 attente
1169 677 1573 776 perpendatur,
1603 703 1830 778 plenam
1874 705 1941 761 de
1973 706 2208 768 Romani
2263 735 2266 738 ⁴

281 793 564 852 Pontificis
590 796 995 856 infallibilitate
1022 801 1451 875 persuasionem
1479 802 1720 877 exprimi
1746 806 2148 880 comperietur.
2186 795 2189 797 ⁵

362 897 416 950 2⁰
459 897 594 952 Cum
631 899 996 956 Innocentius
1026 901 1068 955 X
1097 902 1349 975 quinque
1381 903 1746 976 jansenianas
1778 906 2236 984 propositiones,·
2273 983 2286 999 ι

282 994 690 1050 constitutione
710 1015 811 1052 sua
837 997 967 1054 Cum
996 1002 1293 1068 occasione,
1328 1000 1362 1054 9
1383 1000 1532 1073 junii
1563 1002 1731 1071 1655,
1764 1004 2212 1080 condemnasset,

283 1092 490 1148 iterum
528 1093 596 1149 ad
624 1094 812 1169 ipsum
838 1096 1118 1171 scripsere
1147 1097 1338 1153 Galliae
1359 1098 1637 1174 Episcopi,
1668 1099 1759 1157 die
1792 1102 1858 1157 15
1884 1102 2014 1175 julii
2045 1104 2212 1175 1655,
2261 1114 2267 1117 “

282 1188 342 1243 in
374 1191 526 1244 hunc
552 1191 787 1245 modum
818 1212 828 1243 ε

363 1308 389 1337 «
420 1287 619 1360 Optata
642 1289 893 1361 pervenit
912 1289 980 1343 ad
1009 1307 1112 1344 nos
1143 1290 1373 1346 tandem
1393 1291 1724 1347 constitutio
1752 1293 1869 1361 illa,
1893 1291 2002 1366 qua
2021 1303 2219 1354 vestrae

284 1404 314 1435 «
350 1384 663 1441 sanctitatis
700 1386 1054 1459 auctoritate,
1093 1387 1230 1460 quid
1255 1387 1617 1444 sentiendum
1655 1389 1727 1445 sit
1754 1390 1822 1446 dc
1846 1396 2214 1453 controversis

288 1507 313 1537 «
351 1486 605 1563 quinque
628 1487 1188 1561 propositionibus...
1220 1489 1520 1564 perspicue
1550 1489 1900 1547 decernitur.
1950 1492 2213 1552 Excitatae

283 1607 311 1637 «
343 1586 402 1642 in
431 1587 619 1660 Belgio
648 1588 1041 1643 contentiones
1062 1589 1377 1661 flagrabant
1406 1589 1574 1645 ctiam
1596 1590 1653 1645 in
1690 1590 1905 1660 Galliis,
1939 1598 1993 1648 et
2010 1592 2213 1651 latissi-

290 1710 315 1739 «
347 1707 505 1743 mum
529 1688 855 1745 incendium
884 1708 984 1764 per
1010 1689 1303 1746 universas
1325 1690 1583 1746 Ecclesiae
1613 1697 1801 1765 partes
1828 1691 2212 1764 minabantur,

287 1807 317 1837 «
350 1786 407 1841 ni
439 1774 582 1861 pesti
619 1790 893 1860 grassanti
931 1795 984 1844 et
1017 1788 1392 1844 certissimam
1435 1789 1742 1864 pernicicm
1774 1789 2030 1846 allaturae
2053 1791 2218 1847 obsti-
2283 1862 2286 1863 ⁷

291 1908 320 1938 «
350 1886 509 1943 tissct
556 1887 928 1944 Beatitudinis
967 1895 1164 1945 vestrae
1199 1889 1553 1945 indefessum
1596 1889 1875 1960 studium,
1917 1895 1969 1946 et
2010 1908 2076 1946 ex
2110 1891 2224 1947 alto-

291 2005 317 2035 «
344 1988 515 2057 petita
544 1995 804 2057 potestas,
849 2007 959 2059 quae
993 1990 1109 2043 sola
1143 1988 1479 2043 acerrimam
1515 1989 1667 2043 illam
1710 1989 2035 2045 animorum
2063 1989 2214 2045 colli·
2257 2041 2260 2046 ,

290 2104 317 2135 «
351 2083 567 2139 sionem
615 2103 943 2159 compescere
979 2095 1211 2160 poterat.
1259 2088 1542 2159 Agebatur
1583 2088 1719 2143 (le...
1757 2088 1931 2161 llujus
1959 2087 2219 2145 doctrinae

287 2205 316 2236 «
349 2183 558 2252 lucem,
586 2185 921 2241 recentioris
949 2185 1102 2241 illius
1141 2186 1391 2241 auctoris
1425 2187 1698 2259 (Jansenii)
1739 2187 2216 2262 disputationibus

290 2303 317 2333 «
350 2282 731 2351 obscuratam,
758 2286 987 2355 pristino
1025 2286 1185 2338 nitori
1223 2287 1454 2340 restituit
1487 2285 1666 2358 (juxta
1704 2292 1945 2341 veterem
1978 2286 2106 2343 fidei
2134 2305 2214 2343 re-

287 2401 316 2432 «
346 2381 560 2452 gulam,
592 2399 656 2436 ex
679 2381 978 2455 scripturis
1004 2388 1057 2437 et
1086 2382 1315 2456 antiqua
1343 2383 1572 2439 Patruin
1597 2384 1921 2454 traditione,
1958 2385 2015 2439 in
2041 2385 2214 2441 conci·

288 2501 314 2532 «
346 2479 439 2536 liis
464 2480 600 2536 olim
630 2487 680 2537 et
715 2500 897 2556 nuper
929 2482 1256 2538 auctoribus
1292 2484 1535 2540 summis
1553 2484 1916 2541 Pontificibus
1942 2485 2212 2541 constitu·
2292 2534 2294 2536 .

284 2602 313 2632 «
346 2583 480 2651 tam)
495 2626 507 2651 ,
525 2582 791 2655 prolatum
811 2602 840 2637 a
858 2585 1141 2638 sanctitate
1160 2592 1358 2654 vestra,
1383 2584 1807 2659 postulantibus
1827 2585 2212 2660 compluribus

284 2700 314 2730 «
347 2680 655 2736 Galliarum
690 2681 1001 2756 Episcopis,
1044 2683 1334 2739 decretum.
1370 2683 1487 2747 Quo
1514 2683 1571 2738 in
1599 2682 1821 2756 negotio
1853 2683 1997 2738 illud
2025 2684 2208 2739 obser-

288 2799 315 2830 «
344 2780 563 2835 vatione
585 2782 820 2854 dignum
850 2782 1075 2851 accidit,
1113 2789 1177 2838 ut
1205 2783 1682 2856 quemadmodum
1714 2783 1782 2838 ad
1814 2783 2207 2858 Episcoporum

287 2899 313 2930 «
345 2878 921 2950 Africie‘rclationem,
952 2883 1312 2939 Innocentius
1335 2883 1557 2958 primus
1581 2883 1931 2955 pelagianam
1956 2882 2224 2939 haeresim
2257 2903 2267 2914 ·

284 2999 314 3030 «
346 2978 631 3034 damnavit
656 2978 816 3050 olim,
853 2981 933 3035 sic
956 2982 1026 3036 ad
1055 2982 1473 3038 Gallicanorum
1508 2982 1909 3057 Episcoporum
1939 2983 2210 3039 consulta-

285 3096 313 3127 «
344 3075 577 3148 tionem,
610 3076 869 3132 haeresim
898 3095 964 3132 ex
1001 3078 1232 3134 adverso
1258 3078 1566 3151 Pelagianae
1601 3079 1919 3154 oppositam
1945 3080 2206 3135 Innocen-

285 3175 458 3232 «tius
496 3175 751 3247 decimus
796 3175 1131 3232 auctoritate
1168 3196 1269 3232 sua
1314 3177 1734 3252 proscripserit.
1777 3178 2074 3234 Enimvero
2117 3193 2204 3232 ve-

283 3295 313 3325 «
347 3280 513 3330 tustae
555 3274 710 3330 illius
742 3275 924 3331 aetatis
967 3275 1203 3331 Ecclesia
1255 3276 1532 3346 catholica,
1584 3278 1701 3332 sola
1754 3278 2020 3332 cathedrae
2064 3273 2206 3332 Petri
2263 3264 2284 3329 J

281 3395 311 3425 «
348 3377 710 3431 communione
745 3384 795 3431 et
833 3377 1154 3431 auctoritate
1191 3375 1355 3448 fulta,
1395 3393 1519 3448 quie
1567 3374 1625 3429 in
1665 3373 1929 3431 decretali
1977 3370 2204 3448 epistola

283 3492 312 3524 «
342 3471 653 3529 innocentii
673 3473 741 3528 ad
759 3473 1048 3529 Africanos
1071 3473 1198 3529 data
1219 3473 1499 3545 elucebat,
1522 3491 1810 3546 quamque
1838 3471 1966 3527 dein
1993 3464 2203 3543 Zozymi

284 3591 310 3621 «
339 3572 515 3626 altera
548 3571 617 3627 ad
643 3571 937 3628 universos
978 3571 1132 3628 orbis
1152 3570 1466 3646 ,Epis‘copos
1501 3570 1740 3645 epistola
1775 3570 2074 3625 subsecuta
2098 3569 2199 3633 est,

285 3688 312 3719 «
341 3669 645 3742 Pelaqianae
678 3672 892 3728 haeresis
925 3672 1253 3728 damnationi
1284 3673 1473 3744 absque
1511 3670 1840 3725 cunctatione
1875 3663 2196 3738 subscripsit.
2260 3687 2268 3747 s
