2372 4108
905 241 1028 287 rias
1059 241 1239 287 PRfflA.·
1963 241 2022 289 85
2096 214 2102 219 ’

212 346 421 413 Quinto.
454 379 530 388 -—
558 348 759 404 Textus
785 365 852 404 ex
879 345 1188 403 canonibus
1221 344 1456 401 Nicaenis
1481 343 1714 400 Arabico
1754 343 2022 401 idiomate

133 437 490 501 conservatis
513 477 580 486 -
622 445 709 501 Sic
731 445 891 501 habet
913 448 1079 518 caput
1099 460 1210 512 vm,
1235 441 1392 516 juxta
1413 442 1723 499 versionem
1739 439 2021 497 Francisci

133 542 390 599 Tui-riani
427 564 436 596 :
477 565 502 596 «
539 543 909 599 Constitutum
947 546 1062 610 est,
1101 546 1162 596 ut
1199 540 1502 616 Episcopus
1537 541 1782 616 AEgypti,
1818 540 1874 596 id
1904 546 2020 611 est,

133 639 448 696 Patriarcha
491 639 934 707 AlexandrinuS,
989 636 1284 712 praesideat
1337 643 1391 694 et
1437 639 1638 694 habeat
1692 644 2021 713 potestatem

135 738 304 794 totius
332 737 541 813 AEgypti
559 780 573 807 ‚
615 743 667 794 et
686 735 958 793 omnium
991 734 1272 803 locorum,
1303 734 1586 791 civitatum
1612 740 1664 792 et
1691 735 2023 811 oppidorum

133 855 256 909 quae
292 842 422 892 sunt
458 835 668 891 circum
710 853 830 892 eam
853 877 867 905 ,
917 833 1047 907 quia
1072 832 1152 890 sic
1183 833 1468 900 convenit3
1517 839 1570 889 et
1600 833 1732 906 quia
1768 834 2027 891 similiter

132 934 432 1009 Episcopus
458 933 661 1002 Romae,
698 933 751 988 id
782 938 886 1001 est,
922 949 1207 988 successor
1226 930 1371 987 Petri
1391 930 1660 1005 Apostoli,
1693 936 2024 1004 potestatem

133 1031 294 1086 habet
318 1029 570 1101 omnium
599 1029 886 1086 civitatum
915 1047 978 1085 ac
1002 1029 1252 1084 locorum
1285 1045 1409 1100 quae
1438 1032 1569 1082 sunt
1595 1027 1743 1082 circa
1769 1045 1911 1083 eam.
1952 1027 2027 1082 Ac

132 1127 389 1184 similiter
426 1127 728 1202 Episcopus
769 1127 1095 1197 Antiochiae,
1138 1125 1192 1182 id
1241 1132 1343 1194 cst,
1391 1126 1731 1194 Patriarcba‚
1786 1115 2047 1201 potesta-‘

134 1232 240 1282 tem
285 1226 482 1280 habeat
524 1225 820 1299 provinciae
858 1225 1011 1281 illius
1058 1224 1301 1280 totius..
1336 1244 1363 1278 »
1412 1222 1818 1296 (Conciliorum
1844 1223 2026 1279 Labhe

137 1330 173 1380 t.
205 1324 266 1392 ΙΙ,
298 1324 400 1379 col.
435 1324 567 1391 294,
593 1323 726 1379 edit.
758 1323 1002 1392 Parisiis,
1033 1322 1226 1396 1671).

208 1422 375 1488 Infra,
394 1440 454 1476 ca
466 1421 571 1495 pite
592 1439 767 1489 xxxix,
784 1421 862 1477 sic
880 1422 1083 1476 liabent
1103 1439 1342 1477 canones
1360 1420 1604 1488 Arabici,
1624 1418 1781 1492 juxta
1798 1420 2022 1476 citatam

138 1518 445 1574 versionem
467 1518 503 1570 T
510 1517 724 1572 urriani
754 1539 763 1570 :
799 1517 894 1583 Qui
922 1526 1055 1572 tenet
1079 1519 1257 1573 sedem
1284 1518 1482 1586 Romae,
1525 1527 1679 1591 capnt
1709 1526 1758 1573 et
1782 1521 2024 1592 princeps

140 1624 214 1672 est
238 1618 466 1670 omnium
493 1616 930 1689 patrimchmnm.
960 1616 1387 1688 Quandoquidem
1420 1619 1533 1689 ‘ipse
1561 1625 1638 1672 est
1658 1619 1863 1690 primus
1893 1619 2027 1675 sicut

137 1711 347 1782 Petrus,
383 1715 463 1768 cni
489 1714 615 1767 data
641 1722 716 1767 est
751 1722 988 1785 potestas
1029 1716 1082 1767 in
1105 1731 1282 1768 omnes
1315 1714 1591 1785 Principes
1629 1716 1940 1770 christianos
1979 1724 2028 1771 et

136 1827 312 1865 omnes
334 1810 554 1882 populos
581 1828 758 1865 eornm
786 1831 801 1862 .-
830 1818 883 1866 ut
909 1811 995 1882 qui
1033 1813 1102 1864 sit
1133 1812 1362 1865 vicarius
1389 1811 1582 1867 Christi
1616 1812 1828 1866 Domini
1853 1816 2025 1869 nostri

133 1924 287 1980 snper
321 1915 523 1962 cunctos
565 1907 782 1980 populos
816 1916 862 1963 et
900 1910 1198 1963 universam
1239 1907 1523 1963 Ecclesiam
1563 1909 1927 1965 christianam.
1959 1911 2022 1966 Et

134 2008 432 2078 quicumque
471 2007 545 2062 illi
590 2007 971 2062 contradixerit
1016 2026 1047 2062 α
1076 2007 1273 2079 synodo
1314 2005 1794 2063 eaecommunicetur
1834 2008 2023 2080 (citato

125 2107 272 2157 tomo
315 2102 677 2158 conciliorum
728 2103 935 2172 Labbe,
986 2104 1090 2160 col.
1120 2103 1276 2176 505).
1331 2105 1390 2159 In
1428 2104 1680 2161 versione
1718 2106 2019 2162 Abrahami

122 2201 510 2271 Eccbellensis,
551 2201 629 2258 sic
672 2203 833 2258 hahet
873 2204 1335 2277 quadragesimus
1374 2211 1608 2278 quartus
1648 2223 1677 2260 e
1708 2205 2016 2262 canonibus

122 2299 366 2355 Arabicis
418 2299 618 2356 Nicaeni
661 2300 881 2356 concilii
934 2323 944 2355 :
1001 2325 1027 2356 «
1064 2303 1125 2358 Et
1177 2303 1651 2375 quemadmodum
1694 2303 2016 2360 Patriarcha

125 2400 444 2466 potestatem
493 2397 653 2452 habet
704 2417 871 2472 super
908 2399 1162 2456 subditos
1214 2418 1374 2470 stioS,
1431 2400 1506 2456 ita
1558 2418 1779 2473 quoque
1829 2407 2015 2474 potes-

129 2481 294 2544 tatem
329 2488 487 2544 habet
528 2490 804 2550 Romanus
835 2495 1083 2552 Pontifex
1115 2516 1282 2571 super
1313 2497 1603 2553 universos
1627 2498 2013 2572 patriarchaS,

125 2585 594 2654 quemadmodum
619 2587 856 2645 habebat
876 2591 1066 2647 Petrus
1086 2611 1254 2667 super
1272 2592 1560 2649 universos
1587 2593 2014 2650 christianitatis

125 2681 400 2756 principes
430 2690 481 2739 et
507 2683 743 2742 coucilia
790 2687 1039 2761 ipsorum
1076 2712 1086 2743 ι
1120 2690 1385 2762 quoniam
1415 2690 1615 2746 Christi
1647 2690 1889 2747 vicarius
1928 2698 2011 2748 est

121 2774 763 2855 superredemptionem,
808 2784 1078 2843 Ecclesias
1104 2793 1157 2843 et
1183 2794 1404 2844 curatos
1432 2789 1666 2863 populos
1697 2787 1838 2863 ejus.
1882 2790 2012 2853 Qui-

120 2893 360 2949 cumque
395 2884 580 2935 autem
622 2880 900 2937 sanctioni
936 2883 1068 2938 huic
1110 2884 1539 2954 contradixerit,
1586 2886 1772 2942 Patres
1814 2886 2009 2961 synodi

122 2972 466 3030 anathemate
514 2976 671 3033 illum
721 2980 1028 3053 percellunt
1057 3003 1083 3034 »
1117 2982 1514 3055 (Conciliorum
1541 2983 1722 3040 Labhe
1765 2990 1916 3040 tomo
1943 2979 2007 3053 ΙΙ,

123 3067 225 3122 col.
255 3070 384 3137 529,
426 3072 554 3127 edit.
588 3074 831 3143 Parisiis,
864 3077 1053 3147 1671).
1093 3078 1261 3135 Habet
1295 3079 1411 3153 jam
1458 3081 1633 3136 lector
1677 3099 1789 3154 prae
1830 3081 2008 3136 oculis

123 3179 245 3233 quie
271 3164 466 3220 adduci
498 3167 675 3224 solent
699 3172 766 3226 de
795 3173 961 3230 variis
990 3175 1125 3230 sexti
1162 3177 1392 3232 canonis
1412 3177 1620 3232 Nicaeni
1647 3177 2003 3232 lectionibus,

200 3259 252 3312 2⁰
278 3259 496 3330 Aynovit
519 3263 729 3321 Nicaena
745 3271 970 3345 synodus
984 3272 1234 3327 Romanae
1246 3275 1391 3329 seclis
1407 3272 1690 3346 primatum
1718 3275 1774 3326 in
1802 3274 2006 3327 nniver-

119 3372 229 3409 sam
255 3355 555 3412 Ecclesiam.
588 3392 655 3400 —
685 3360 838 3424 Quod
872 3365 1019 3420 enim
1040 3385 1068 3422 a
1090 3352 1600 3423 Nicaenis‘Patribus
1628 3366 1810 3422 editus
1838 3367 2008 3424 fucrit

119 3471 292 3510 canon
317 3455 587 3528 ejusmodi
618 3458 917 3532 primatum
944 3465 1282 3538 exprimens,
1310 3465 1491 3536 qualis
1515 3483 1715 3540 nempe
1738 3484 1767 3521 a
1795 3465 2009 3539 Legatis

118 3548 376 3607 Romanis
408 3552 462 3607 in
493 3554 726 3610 concilio
760 3557 1189 3616 Calchedonensi
1213 3561 1480 3616 recitatus
1513 3567 1628 3630 est,
1666 3562 1744 3619 sic
1776 3563 2003 3638 probari

119 3654 294 3720 potest
324 3669 334 3701 :
