2372 4108
346 287 402 335 76
1013 275 1310 321 TRACTATUS
1343 276 1407 321 DE
1438 277 1583 323 PAPA.

324 545 327 548 y
345 501 369 552 g
384 497 614 545 2.—Quod
637 498 807 535 sanctus
823 492 974 534 Petrus
986 491 1220 534 Primatum
1242 505 1369 535 suum
1381 493 1578 534 Romanae
1598 492 1812 534 cathedrae
1832 493 2084 545 alligaverit,
2108 493 2196 535 suis
2219 493 2262 534 in

395 578 442 607 ea
461 565 557 606 sede
575 561 890 604 successoribus
909 561 1303 613 transmittendum,
1330 563 1383 603 ad
1407 562 1534 603 fidem
1556 561 1752 615 pertinet,
1775 573 1824 603 eo
1841 573 1970 604 sensu
1992 564 2105 615 quod
2133 563 2261 604 fuerit

394 632 593 683 implicite
614 632 665 671 ab
687 630 868 672 Ecclesia
888 631 1127 681 definitum,
1150 643 1228 672 nec
1251 631 1385 683 possit
1410 631 1558 684 negari
1588 632 1748 683 absque
1771 635 1870 672 nota
1894 630 2138 684 multiplici.

416 777 637 834 Etenim
669 796 844 853 supra
875 778 1107 834 citatum
1143 778 1367 834 concilii
1398 777 1709 833 Florentini
1737 777 2027 834 decretum
2050 777 2131 834 sic
2164 779 2265 834 ha-

340 875 432 931 het
464 898 475 930 :
507 876 878 948 Definimus..
916 877 1210 934 Romanum
1233 878 1553 949 Pontificem
1579 880 1632 933 in
1660 880 1961 933 universum
1982 879 2160 933 orbem
2192 886 2266 934 te-

341 994 471 1031 nere
495 978 812 1048 primatuum
848 984 898 1032 et
922 979 1090 1050 ipsum
1114 978 1428 1050 Pontificem
1445 977 1738 1033 Romanum
1765 994 2123 1031 successorem
2152 996 2265 1034 esse

341 1075 405 1136 B.
454 1074 707 1142 Petri...;
756 1084 806 1132 et
841 1079 943 1151 ipsi
986 1079 1039 1132 in
1086 1076 1149 1132 B.
1192 1077 1350 1133 Petro
1390 1077 1670 1151 pascendi,
1707 1076 1925 1148 reyemli
1962 1095 2022 1131 ac
2072 1079 2261 1149 yztber-

341 1174 507 1228 nandi
543 1174 897 1230 universalem
923 1175 1212 1231 Ecclesiam
1237 1194 1269 1230 a
1295 1175 1521 1232 Domitio
1545 1183 1729 1231 nostro
1753 1175 1788 1231 J
1792 1193 1886 1230 esu
1913 1174 2127 1232 Christo
2154 1178 2264 1250 ple-

345 1291 468 1327 nam
494 1280 806 1346 potestatem
840 1277 1097 1332 traditam
1131 1295 1263 1331 esse.
1299 1277 1473 1349 Igitur
1508 1275 1657 1348 quod
1686 1275 1974 1331 Romanus
2015 1275 2265 1332 Pontifex

343 1372 654 1427 Primatum
683 1374 957 1447 receperit
989 1374 1047 1428 in
1075 1376 1227 1430 beato
1254 1376 1414 1430 Petro
1447 1382 1496 1431 et
1527 1375 1597 1430 sit
1623 1374 1769 1430 beati
1797 1374 1939 1430 Petri
1972 1392 2265 1430 successor

343 1469 409 1524 de
448 1469 557 1525 fide
582 1478 695 1541 qest,
727 1478 775 1526 et
812 1489 1072 1545 expresse
1100 1472 1205 1528 fuit
1238 1473 1555 1529 definitum.
1608 1474 1776 1527 Porro
1805 1474 1909 1528 hoc
1939 1472 2061 1546 ipso
2095 1473 2267 1545 aequi-

342 1566 590 1622 valenter
621 1574 673 1623 et
702 1568 980 1642 implicite
1028 1570 1325 1624 delinitum
1370 1577 1626 1626 remanet
1678 1570 1892 1626 factum
1943 1571 2110 1640 Petri,
2154 1590 2266 1644 quo

342 1667 650 1741 primatum
685 1687 853 1723 suum
893 1670 1156 1724 Romanae
1201 1669 1482 1725 cathedrae
1531 1670 1588 1723 in
1627 1677 1965 1743 perpetuum
1996 1670 2265 1743 alligavit.

342 1766 482 1837 Ergo
515 1767 729 1822 factum
763 1767 916 1823 istud
943 1768 1010 1822 ad
1047 1768 1218 1822 tidem
1255 1768 1524 1842 pertinet,
1557 1786 1658 1823 nec
1692 1775 1873 1841 potest
1904 1769 2093 1841 negari
2123 1770 2262 1842 quin

344 1865 643 1938 multiplex
669 1874 799 1922 nota
835 1867 1189 1922 incurratur.

421 1962 642 2035 Objz'cies
663 1965 738 2021 1⁰.
768 1964 1167 2021 ——Tridentini
1207 1967 1397 2022 Patres
1423 1966 1655 2022 citatam
1689 1966 1915 2021 concilii
1948 1967 2262 2023 Florentini

345 2061 726 2118 definitionem
753 2064 1129 2138 reproducerc
1158 2084 1219 2120 ac
1240 2065 1576 2121 confirmare
1591 2067 1926 2136 noluerunt⁷
1944 2084 2266 2140 repugnan-

344 2160 498 2216 tibus
526 2162 718 2232 Gallis,
760 2170 926 2237 prout
970 2164 1141 2219 refert
1183 2165 1555 2221 Pallavicinus
1604 2166 1663 2237 (l.
1695 2166 1823 2230 XlX,
1861 2166 1967 2235 XX,
2004 2172 2056 2221 et
2099 2167 2264 2238 XXI);

345 2277 475 2331 ergo
507 2260 738 2334 praefata
766 2261 1015 2326 definitio
1047 2263 1440 2319 auctoritatem
1485 2282 1596 2319 non
1630 2264 1819 2319 habet.

422 2358 867 2432 Respomleo.'²·—
909 2361 1056 2433 Nego
1099 2380 1473 2434 consequens.
1528 2363 1663 2417 Nam
1724 2362 2035 2418 Tridentini
2078 2363 2267 2419 Patres

343 2474 455 2511 non
482 2457 607 2513 ideo
633 2459 1016 2516 definitionem
1054 2461 1210 2516 illam
1244 2461 1618 2536 reproducerc
1655 2470 1988 2531 renuerunt,
2020 2463 2170 2536 quod
2197 2463 2263 2519 dc

345 2555 523 2630 ipsius
563 2559 798 2615 veritate
833 2579 895 2616 ac
938 2562 1271 2636 auctoritate
1301 2562 1709 2630 dubitaverint„
1759 2562 1856 2618 sed
1891 2563 2023 2635 quia
2061 2581 2126 2618 ex
2168 2564 2262 2619 illa

343 2653 668 2712 definitione
723 2659 1127 2715 concludebant
1168 2661 1413 2733 theologi
1443 2661 1630 2732 multi,
1690 2662 1893 2735 Papam
1927 2679 2048 2716 esse
2094 2680 2263 2736 supra

343 2753 685 2822 concilium3
743 2758 894 2829 quod
936 2759 1351 2814 consectarium
1404 2762 1752 2834 respuebant
1803 2767 1941 2815 tunc
1980 2777 2046 2814 ex
2094 2759 2264 2814 Gallis

345 2850 620 2906 nonnulli.
657 2853 719 2907 Ut.
773 2872 902 2926 ergo
951 2856 1226 2912 vitaretur
1259 2859 1643 2914 controversia
1703 2860 1839 2928 lucc,
1878 2864 2263 2933 opportunum

344 2943 624 3003 duxerunt
675 2950 987 3006 Tridentini
1035 2953 1224 3008 Patres
1278 2974 1307 3010 a
1345 2956 1648 3010 retexendo
1680 2956 2003 3011 Florentino
2036 2957 2261 3012 decreto

344 3044 650 3102 abstinere.
680 3048 808 3118 Quae
849 3050 1222 3124 prudentialis
1267 3053 1465 3125 agendi
1517 3053 1660 3108 ratio
1699 3053 1972 3108 intactam
2027 3071 2264 3128 prorsus

344 3136 617 3209 relinquit
645 3139 804 3195 dictae
823 3140 1162 3197 delinitionis
1192 3143 1610 3212 auctoritatem,
1640 3162 1764 3216 qute
1792 3143 2127 3218 plenissima
2157 3151 2262 3211 est,

344 3239 538 3308 utpote
566 3255 596 3291 a
631 3238 869 3293 concilio
915 3240 1262 3296 oecumenico
1295 3241 1534 3314 prolata.

425 3331 643 3406 Objz'cies
671 3336 748 3390 2⁰.
779 3369 848 3377 —
872 3337 1029 3401 Quod
1070 3345 1302 3394 sanctus
1351 3339 1548 3395 Petrus
1574 3340 1886 3413 primatum
1927 3360 2096 3397 suum
2138 3339 2263 3396 Sedi

347 3429 609 3488 Romanae
640 3434 972 3508 alligaverit,
1007 3443 1089 3493 est
1133 3437 1346 3494 factum
1394 3441 1736 3510 humanum,
1768 3440 1919 3513 quod
1950 3439 2154 3494 nullibi
2186 3439 2264 3494 le-

349 3528 500 3596 gitur
531 3551 560 3587 a
594 3534 808 3590 Christo
853 3537 1192 3600 revelatun‘n
1238 3555 1369 3611 ergo
1400 3537 1468 3593 ad
1512 3537 1678 3594 fidem
1708 3557 1817 3593 non
1838 3537 2106 3611 pertinet.

428 3627 851 3700 Responcleo.—
882 3633 1112 3691 Factum
1161 3636 1315 3692 istud
1358 3655 1471 3692 non
1499 3637 1606 3692 fuit
1661 3635 2011 3690 solummodo
2065 3637 2264 3692 hunia-

352 3738 486 3776 num
514 3742 612 3780 seu
642 3730 814 3786 solius
854 3732 1022 3799 Petri,
1058 3734 1153 3788 sed
1189 3734 1361 3788 simul
1394 3734 1647 3791 divinum
1697 3750 1796 3787 seu
1847 3732 2072 3789 Christi.
2124 3734 2262 3789 Nam
