2320 4010
282 178 371 224 488
963 173 1253 222 TRACTATUS
1283 175 1349 220 DE
1378 175 1522 222 PAPA.

283 290 472 356 posset
500 280 820 338 obedientia
847 281 956 337 sibi
986 281 1071 337 vel
1100 268 1491 338 reverentialis
1526 279 1840 336 nominatio
1881 283 2192 356 denegari»

286 387 375 459 (cle
402 383 798 455 Auferibilitate
828 382 1010 455 Papae,
1046 380 1495 436 consideratione
1526 363 1629 450 x'v1,
1658 379 1898 454 Operum
1933 381 2003 436 ab
2034 381 2197 440 Ellies

279 480 464 555 Dupin
491 479 896 554 dispositorum
922 485 965 535 t.
998 478 1148 553 11‚-p.
1175 478 1310 550 221,
1333 478 1466 534 edit.
1490 477 1829 551 Antuerpiae‚
1853 476 2042 550 1706).

360 577 454 634 15⁰
497 575 755 651 Opinatns
797 584 871 631 est
912 576 1199 648 aliquando
1248 575 1557 644 Gersonin3‚
1603 593 1710 630 non
1743 583 1946 631 tantum
1976 579 2197 648 -propria

274 683 538 751 potestate
574 695 678 731 non
710 694 866 750 posse
894 675 1097 750 Papam
1124 676 1433 747 dispensare
1466 677 1518 729 in
1554 675 1780 730 decretis
1809 675 2016 730 concilii
2045 692 2199 746 yene-

279 775 432 843 ralis,
471 775 566 829 sed
606 776 763 829 etiam
797 790 897 828 non
929 791 1086 847 posse
1123 774 1258 828 hanc
1296 773 1641 845 dispensandi
1674 779 1995 845 potestatem
2028 772 2130 844 ipsi
2166 789 2207 847 a-
2290 843 2315 853 αἱ

281 872 503 926 concilio
537 871 773 942 yenerali
814 871 1046 925 concedi.
1077 904 1150 909 —
1173 869 1536 943 «Aliquando
1573 869 1655 924 fui
1699 868 1859 925 illius
1891 867 2195 943 opinioniS,

279 967 429 1041 quod
477 985 704 1023 sacrum
746 967 1050 1022 concilium
1087 969 1416 1039 generale...
1456 986 1567 1046 non
1602 967 1851 1041 possit...
1892 967 2001 1041 ipsi
2039 967 2197 1041 Papae
2277 979 2279 982 ⁴

279 1065 675 1122 auctoritatem
713 1073 765 1122 et
804 1071 1135 1140 potestatem
1173 1065 1475 1121 concedere
1510 1065 1874 1139 dispensandi
1905 1071 1958 1121 et
1990 1065 2199 1120 immu-
2261 1085 2263 1087 ¹

275 1162 434 1218 tandi
455 1170 553 1218 aut
575 1163 714 1217 alias
740 1162 1149 1235 interpretandi
1181 1163 1324 1216 sarri
1352 1163 1575 1217 concilii
1618 1168 1878 1218 statuta»
1915 1164 2000 1235 (de
2027 1163 2197 1220 Mortis

273 1262 512 1329 uniendi,
547 1261 795 1333 Operum
842 1261 910 1315 ab
940 1260 1104 1314 Ellies
1137 1259 1320 1333 Dupin
1356 1258 1763 1331 dispositorum
1788 1265 1829 1312 t.
1869 1261 1933 1328 II,
1968 1281 2024 1336 p.
2059 1263 2191 1333 185,

273 1355 411 1412 edit.
437 1355 779 1429 Antuerpiae,
815 1353 1007 1426 1706).

351 1455 443 1510 14⁰
473 1454 746 1521 Quomodo
780 1472 941 1510 ausus
970 1456 1037 1509 sit
1066 1453 1354 1511 Gersonius
1392 1453 1697 1507 haereticam
1730 1453 1903 1508 dicere
1940 1459 2192 1511 constitn-

275 1556 469 1610 tionem
499 1554 783 1626 (Iucundum
809 1553 1024 1608 Martini
1052 1553 1111 1622 V,
1143 1556 1199 1607 in
1228 1553 1447 1607 concilio
1478 1552 1867 1608 Constantiensi
1888 1552 1903 1580 ²
1930 1552 2190 1608 latam:—

271 1654 329 1707 In
375 1652 470 1709 illa
511 1652 914 1708 constitutione
957 1651 1171 1725 (idibus
1213 1652 1403 1707 martii
1458 1651 1627 1722 ’1418)
1683 1652 1799 1705 haec
1827 1651 2190 1707 occurrebant

271 1754 463 1824 verba,
498 1753 827 1810 Gersoniani
865 1752 1188 1826 systematis
1230 1751 1761 1807 condemnationem
1799 1755 1988 1823 aperte
2015 1749 2195 1823 expri-

274 1853 483 1910 mentia
514 1876 523 1907 :
560 1877 586 1905 «
612 1854 761 1908 Nulli
795 1854 876 1909 fas
903 1860 986 1910 est
1017 1872 1046 1909 a
1067 1871 1334 1928 supremo
1359 1852 1573 1926 judice,
1602 1850 1860 1907 videlicet
1894 1849 2194 1924 apostolica

271 1949 410 2006 Sede
448 1970 547 2006 seu
584 1952 833 2006 Romano
870 1952 1133 2007 Pontifice
1162 1953 1290 2008 jesu
1323 1951 1528 2007 Christi
1566 1950 1774 2005 vicario
1810 1949 1867 2003 in
1900 1948 2069 2005 terris
2102 1967 2195 2023 ap-

272 2050 502 2125 pellare,
547 2058 642 2106 aut
685 2052 839 2107 illius
884 2052 1163 2125 judicium
1207 2052 1266 2106 in
1310 2052 1497 2107 causis
1552 2050 1678 2107 tidei
1723 2063 1869 2124 (quae
1922 2056 2193 2122 tanquam

273 2150 515 2223 majores
551 2151 620 2205 ad
649 2151 837 2224 ipsum
865 2157 916 2206 et
948 2151 1143 2207 Sedem
1174 2151 1549 2224 Apostolicam
1576 2151 1891 2206 deferendae
1919 2156 2073 2214 sunt)
2104 2149 2194 2205 de-

273 2248 485 2303 clinare
509 2270 536 2299 »
570 2247 741 2318 (inter
767 2248 942 2322 Opera
966 2247 1220 2303 Gersonii
1246 2249 1314 2303 ab
1343 2247 1512 2303 Ellies
1536 2247 1717 2322 Dupin
1745 2246 2037 2322 disposita,
2058 2253 2099 2303 t.
2129 2246 2191 2316 Il,

272 2366 326 2421 p.
371 2345 502 2416 505,
534 2345 667 2402 edit.
698 2346 1039 2421 Antuerpiae,
1076 2344 1269 2417 1706).

347 2443 531 2499 Ausus
563 2450 646 2500 est
677 2444 980 2501 Gersonius
1008 2444 1066 2499 in
1097 2443 1468 2518 quaestionem
1498 2463 1719 2516 vocare,
1751 2463 1888 2500 num
1922 2445 2035 2501 llaec
2063 2464 2193 2520 pars
2254 2499 2259 2503 .

270 2541 693 2599 constitutionis
718 2543 939 2598 Martini
967 2543 1024 2613 V,
1050 2549 1197 2599 esset
1231 2543 1490 2599 haervtiea
1521 2543 1601 2618 (in
1630 2545 1902 2618 opusculo
1930 2545 2010 2600 An
2039 2545 2196 2600 liceat

272 2644 322 2696 in
352 2644 521 2697 causis
559 2643 683 2714 sicle-i
717 2661 748 2698 α
789 2643 935 2716 Papa
969 2643 1262 2716 appellare,
1302 2642 1422 2698 loco
1457 2643 1673 2713 citato).
1708 2642 1947 2718 Opponit
1974 2642 2196 2717 potissi·
2268 2647 2272 2651 '

274 2757 431 2792 mum
481 2739 866 2797 definitionem
909 2742 1162 2817 ejusdem
1211 2742 1461 2810 concilii,
1506 2741 1616 2797 dici
1670 2741 1703 2795 6
1755 2740 1952 2814 aprilis
1997 2740 2142 2796 1415
2179 2760 2189 2793 z

274 2834 530 2891 Generale
556 2839 903 2893 concilium...
940 2849 1256 2911 potestatem
1283 2860 1313 2895 a
1340 2841 1550 2896 Christo
1578 2839 1882 2893 immediate
1913 2837 2084 2905 habet,
2117 2838 2207 2891 cni*

273 2935 516 3008 quilibet,
570 2937 927 3010 cujuscumque
985 2947 1154 2994 status
1210 2939 1292 2994 vel
1355 2938 1621 3009 distiitatis
1690 2938 1927 3009 (etiamsi
1979 2936 2194 3009 papalis

273 3033 488 3105 ewistat)
531 3034 738 3088 obedire
779 3041 1001 3104 tenetur,
1039 3038 1089 3091 in
1137 3039 1213 3091 his
1241 3055 1357 3109 quae
1395 3038 1664 3109 pertinent
1707 3037 1777 3091 ad
1820 3037 2051 3108 fidem...
2101 3035 2196 3091 De·
2248 3076 2251 3079 -

275 3132 492 3189 buisset
519 3133 824 3190 Gersonius
855 3135 1193 3192 concludere
1220 3135 1510 3192 decretum
1549 3135 1712 3207 illud,
1746 3142 1839 3192 aut
1880 3154 1994 3191 non
2022 3134 2194 3190 fuisse

274 3233 629 3288 conciliariter
657 3232 893 3299 factum3
931 3240 1028 3290 aut
1054 3233 1107 3289 vi
1136 3252 1346 3303 carere,
1383 3253 1448 3290 ex
1478 3253 1541 3290 eo
1574 3235 1724 3308 quod
1747 3235 2013 3290 Martinus
2039 3233 2072 3288 V
2099 3251 2193 3289 ne-
2274 3227 2281 3268 ἶ
2315 3235 2318 3238 ’

2279 1187 2309 1332 l

269 3371 464 3411 advertat
486 3370 617 3411 velim
644 3371 956 3412 Gallicanorum
990 3371 1247 3423 scriptorum
1271 3371 1340 3413 vix
1360 3372 1607 3413 credibilem
1631 3371 2019 3422 hallucinationem,
2041 3370 2113 3422 qui
2141 3369 2191 3409 de
2276 3365 2283 3370 ’

269 3438 346 3478 hoc
365 3436 459 3479 viro
481 3450 609 3478 suum
628 3444 832 3491 perpetuo
852 3443 1070 3480 recantant
1092 3439 1268 3488 dictum,
1295 3442 1335 3481 Ie
1365 3441 1507 3482 Pieuoe
1528 3440 1708 3482 Gerson!

326 3506 378 3560 (1)
412 3507 550 3548 Sessio
571 3507 683 3548 XLV·
707 3514 749 3549 et
778 3508 927 3549 ultima
953 3507 1167 3549 celebrata
1196 3514 1257 3550 est
1283 3509 1350 3550 die
1373 3508 1425 3548 22
1457 3509 1603 3561 aprilis
1637 3508 1751 3549 1418.
1784 3508 1896 3549 Dicta
1918 3511 2055 3549 autem
2076 3504 2190 3544 bulla

269 3572 362 3613 data
387 3578 448 3614 est
475 3573 518 3614 in
542 3574 790 3618 consistorio
811 3575 982 3629 publico
1002 3587 1146 3616 mense
1170 3576 1323 3618 martio
1345 3576 1534 3628 ejusdem
1556 3577 1670 3625 anni,
1694 3589 1741 3618 ac
1760 3575 1934 3629 proinde
1955 3573 2090 3614 adhuc
2113 3570 2193 3611 du-

269 3645 388 3680 rante
412 3642 599 3684 concilio.

1582 3686 1620 3699 Κ.
1638 3686 1661 3698 41
