2372 4108
946 303 1070 349 PARS
1099 301 1265 348 PRIMA.
1996 299 2053 348 69

167 426 315 464 mam
344 407 735 482 proficiscitur,
762 407 860 463 ubi
889 406 1248 479 Evangelium
1275 404 1601 480 praedicans,
1628 405 2056 478 vigintiquinque

165 502 327 559 annis
362 503 611 575 ejusdem
654 502 814 559 urbis
855 484 1158 576 Episcopus
1195 506 1511 575 perseverat
1551 521 1578 551 »
1620 498 1933 573 (Eusebius,
1996 500 2054 556 in

164 601 454 671 Chronico,
482 619 625 656 anno
658 601 776 672 44).
809 620 836 652 α
862 598 1052 654 Simon
1075 599 1342 655 PetruS...
1372 599 1604 654 Romam
1626 598 1823 672 pergit,
1861 598 2054 671 ibique

164 701 351 771 viginti
389 701 612 771 quinque
654 697 816 752 annis
861 694 1192 751 Cathedram
1239 695 1854 751 sacerdotalem.tenuit
1882 717 1909 748 »
1973 696 2052 765 (S.

167 792 549 866 Hieronymus,
586 791 749 865 epist.
795 791 818 845 1
861 790 930 845 ad
965 791 1314 860 Damasum).
1358 789 1507 843 Idem
1548 789 1778 844 tradunt
1804 789 2056 860 OrosiuS,

166 888 423 944 Isodorus
444 887 610 955 Beda,
639 893 691 943 et
723 887 817 942 alii
842 879 1269 960 quarsplurimi.

241 988 413 1060 Igitur
438 986 662 1042 traditio
691 986 810 1058 illa,
841 1003 964 1058 quae
989 985 1060 1041 25
1084 1003 1258 1040 annos
1282 984 1531 1038 Romano
1563 982 1742 1038 sancti
1772 983 1916 1038 Petri
1941 983 2058 1057 epi-

167 1085 415 1158 scopatui
448 1083 716 1156 assignat,
746 1083 1140 1156 antiquissima
1168 1089 1272 1151 est,
1313 1088 1366 1138 et
1401 1081 1870 1137 luculentissimis
1903 1081 2059 1136 testi-

150 1183 370 1244 moniis
400 1182 553 1238 nixa.
580 1182 698 1238 Non
735 1181 914 1256 potuit
948 1187 1135 1237 autem
1159 1182 1356 1236 Petrus
1388 1181 1458 1235 25
1485 1179 1646 1234 annis
1673 1179 2060 1253 episcopatum

167 1279 478 1335 Romanum
515 1297 734 1351 gerere,
770 1279 879 1335 nisi
918 1279 1151 1334 Romam
1192 1277 1403 1333 venerit
1437 1277 1542 1332 sub
1576 1276 1702 1332 Caio
1732 1277 1818 1332 vel
1863 1277 2060 1332 saltem

170 1376 396 1432 ineunte
435 1377 647 1432 Claudii
677 1376 934 1450 imperio.
966 1377 1216 1447 Cumque
1264 1374 1490 1429 aliunde
1531 1379 1748 1429 certum
1792 1374 1863 1428 sit
1895 1380 1947 1428 et
1991 1374 2060 1427 ab

171 1473 502 1527 adversariis
550 1472 882 1537 admissum,
912 1473 1015 1527 sub
1055 1472 1270 1526 Nerone
1311 1471 1635 1543 Apostolum
1673 1470 1931 1525 cumdem
1962 1469 2064 1523 Ro-

172 1584 319 1620 mam
354 1567 603 1640 petiisse,
639 1562 896 1638 sequitur
915 1567 1118 1640 duplex
1137 1567 1256 1639 ejus
1291 1567 1345 1620 in
1379 1566 1576 1621 Urbem
1602 1566 1890 1621 adventus.

166 1814 190 1866 ἓ
218 1815 257 1855 5.
289 1836 341 1843 —-
368 1814 593 1865 Perperam
614 1815 665 1854 ob
690 1818 848 1854 textum
874 1813 1070 1853 Laetantii
1105 1819 1287 1865 negatur
1310 1814 1461 1866 duplex
1490 1814 1570 1854 iter
1586 1814 1718 1854 sancti
1737 1814 1848 1854 Petri
1872 1815 2059 1864 Romam,

715 1893 762 1922 ac
786 1881 874 1932 ejus
901 1893 976 1932 pei
1002 1880 1052 1920 05
1069 1893 1199 1922 annos
1222 1882 1498 1934 episcopatus.

181 2095 188 2100 .
240 2041 438 2096 Textus
480 2041 572 2096 ille
609 2041 687 2096 sic
722 2059 781 2096 se
824 2041 986 2095 habet
1033 2061 1043 2093 ε
1091 2040 1324 2113 Apostoli
1356 2060 1453 2114 per
1494 2060 1662 2097 armos
1697 2042 1765 2097 25
1796 2060 1958 2114 usqae
1992 2044 2060 2097 ad

161 2140 476 2213 principium
508 2138 798 2195 Neroniani
831 2140 1064 2211 imperii,
1091 2157 1188 2211 per
1215 2157 1394 2193 omnes
1415 2141 1712 2212 provincias
1746 2148 1795 2194 et
1822 2142 2059 2195 civitates

166 2237 411 2291 Ecclesiae
455 2237 797 2307 fundamenta
838 2238 1109 2290 miseram.
1148 2236 1378 2309 Cumque
1401 2238 1511 2308 jam
1553 2237 1691 2292 Nero
1727 2240 2055 2311 imperasset,

170 2333 593 2388 Petrus-‘Romam
631 2334 859 2404 advenit,
888 2340 937 2387 et
975 2333 1129 2388 editis
1167 2335 1472 2406 quibusdam
1507 2336 1797 2405 miraculis,
1830 2353 1937 2406 quae
1962 2338 2061 2389 vir-

171 2435 274 2482 tute
320 2430 482 2498 ipsius
520 2428 646 2497 Dei,
682 2431 806 2484 data
851 2431 948 2484 sibi
992 2431 1052 2483 ab
1096 2447 1155 2484 eo
1194 2438 1479 2502 potestate,
1511 2431 1763 2501 faciebat,
1808 2434 2057 2486 convertit

173 2525 361 2578 multos
402 2525 781 2596 adjustitiam,
836 2527 1045 2599 Deoque
1089 2529 1329 2599 templum
1369 2529 1524 2598 fidele
1563 2547 1623 2582 ae
1661 2530 1845 2583 stabile
1881 2531 2060 2599 posuit

171 2621 526 2690 (Lactantius,
557 2623 619 2676 cle
645 2622 901 2677 Mortibus
930 2631 1341 2695 persecutorum,
1372 2643 1494 2697 cap.
1524 2625 1599 2696 n).
1633 2625 1738 2678 lloc
1763 2630 1913 2680 textu
1942 2625 2055 2679 nixi

166 2717 384 2789 PagiUS,
425 2719 682 2774 Baluzius
733 2726 783 2774 et
824 2720 1255 2793 papebrochius,
1301 2722 1690 2777 existimarunt
1734 2724 2052 2795 negandum

168 2814 368 2887 duplex
394 2815 497 2870 fter
528 2815 710 2871 sancti·
730 2816 872 2871 Petri
903 2823 956 2871 et
980 2817 1049 2872 25
1080 2837 1254 2872 armos
1282 2819 1529 2873 Romano
1563 2820 1742 2893 ipsius
1771 2820 2055 2894 episcopa-

168 2912 250 2966 tui
284 2912 522 2968 adscribi
551 2914 762 2969 solitos.
799 2915 891 2969 Ast
938 2933 1166 2970 erronea
1209 2934 1440 2989 prorsus
1470 2919 1583 2972 haec
1618 2936 1811 2973 corum
1841 2919 2055 2973 conclu-

169 3010 268 3064 sio.
304 3011 541 3081 Etenim,

243 3106 283 3158 Ι.
316 3107 421 3161 Isto
446 3116 584 3162 textu
611 3127 775 3180 nequ-e
802 3111 996 3183 duplex
1026 3113 1148 3180 iter,
1174 3129 1338 3183 neque
1372 3113 1493 3167 dicti
1520 3113 1588 3166 25
1620 3116 1743 3166 areni
1771 3113 2054 3167 excludem-

172 3208 276 3254 την.
299 3232 367 3261 -r
388 3202 524 3257 Dicit
562 3205 783 3274 quidem
823 3213 1004 3262 textus
1039 3208 1259 3262 Petrum
1295 3209 1526 3263 Romam
1560 3210 1774 3264 venisse
1812 3226 1919 3262 cum
1940 3208 2050 3276 jam

171 3296 310 3351 Nero
357 3300 691 3370 imperassem
736 3307 791 3355 at
830 3303 1154 3358 nullatenus
1200 3305 1334 3359 dicit
1375 3325 1486 3359 non
1532 3305 1749 3358 venisse
1798 3321 2049 3374 unquam

170 3401 351 3449 antea.
386 3395 588 3449 Silctur
612 3396 766 3469 prius
796 3397 916 3463 iter,
953 3401 1046 3455 sed
1073 3420 1181 3455 non
1215 3408 1467 3472 negatur.
1497 3401 1758 3472 Legitima
1790 3418 1916 3473 ergo
1940 3421 2049 3458 nou

169 3496 251 3544 est
295 3490 736 3547 adversariorum
787 3493 983 3549 illatio.
1035 3496 1186 3557 Quod
1237 3504 1298 3551 ut
1341 3497 1515 3568 magis
1566 3502 1773 3570 pateat,
1822 3515 1944 3554 eam
1996 3502 2050 3554 in.

169 3585 363 3656 forma,
390 3594 450 3642 ut
474 3587 651 3657 aiunt,
670 3590 999 3644 scholastica
1027 3591 1389 3647 exhibeamus
1414 3613 1424 3644 :
1452 3615 1477 3645 «
1511 3593 1823 3667 Imperante
1838 3595 2051 3651 Nerone

168 3681 359 3739 Petrus
387 3684 618 3739 Romam
651 3686 819 3753 venit,
859 3686 1049 3758 ibique
1082 3689 1365 3743 nonnullis
1409 3689 1572 3745 editis
1606 3691 1914 3761 miraculis,
1947 3693 2049 3749 Deo
