2320 4010
801 155 924 202 PARS
955 156 1192 203 SECUNDA.
1853 153 1935 198 241

61 231 278 331 xvolunt,
319 260 498 335 ipsam
540 257 998 318 infallibilitatem
1037 279 1151 318 non
1187 281 1308 320 esse
1353 266 1409 319 in
1439 270 1576 319 coetu
1619 261 1942 318 consiliario-

70 378 203 430 rum,
228 357 312 415 vel
334 357 391 412 in
417 353 651 410 concilio
673 353 1096 430 Episcoporum,
1126 359 1220 415 sed
1248 359 1305 414 in
1333 360 1448 415 solo
1477 358 1770 415 Pontifice:
1800 357 1942 414 sicut

67 473 96 514 e
124 451 400 511 contrario
431 449 640 524 priores
662 466 774 504 non
795 450 988 506 volunt
1012 470 1217 525 ponere
1249 454 1700 511 infallibilitatem
1728 454 1786 509 in
1809 471 1942 510 con-

71 549 314 619 siliariiS,
346 547 439 604 sed
466 547 522 602 in
557 545 671 602 solo
709 545 989 614 Pontifice;
1029 566 1222 604 verum
1257 550 1533 623 explicare
1557 551 1770 621 volunt,
1805 550 1943 606 Pon-

75 648 277 704 tificem
307 644 504 700 debere
527 642 706 698 facere
731 642 879 714 quod
911 643 968 697 in
993 661 1051 699 se
1075 650 1180 712 est,
1208 646 1549 701 consulendo
1566 647 1713 702 viros
1754 647 1946 704 doctos

55 726 126 799 ’et
144 742 344 817 peritos
369 740 448 797 rei
473 739 540 796 de
564 758 671 812 qua
696 739 898 811 agitur.
923 739 976 796 Si
1003 741 1127 812 quis
1158 746 1343 797 autem
1367 748 1599 816 peteret,
1619 759 1689 796 an
1708 742 1949 799 Pontifex

73 844 299 907 erraret,
323 838 367 893 si
383 843 584 893 temere
608 835 880 906 deliniret,
903 835 1021 891 sine
1044 835 1216 891 dubio
1232 837 1483 910 praedicti
1501 842 1754 892 auctores
1774 855 1949 892 omnes

75 935 482 1009 responderent,
509 950 619 988 non
651 950 809 1006 posse
832 930 952 988 fieri
976 938 1038 987 ut
1061 932 1307 988 Pontifex
1335 939 1542 988 temere
1573 931 1819 987 definiat.
1846 930 1950 994 Qui

73 1032 215 1087 enim
244 1030 496 1105 promisit
522 1030 710 1098 tinem,
736 1030 858 1085 sine
898 1021 1067 1084 dubio
1108 1029 1366 1103 promisit
1403 1036 1455 1084 et
1500 1029 1681 1084 media
1720 1046 1844 1100 quae
1883 1027 1950 1082 ad

77 1146 201 1184 eum
230 1127 392 1182 finem
436 1126 799 1181 obtinendum
830 1126 1142 1182 necessaria
1182 1133 1331 1182 sunt.
1365 1127 1566 1182 Parum
1606 1131 1791 1182 autem
1822 1142 1949 1199 pro-

77 1223 252 1279 desset
290 1222 451 1290 scire,
492 1221 807 1275 Pontificem
840 1240 950 1276 non
979 1229 1298 1278 erraturum
1338 1223 1562 1293 quando
1603 1240 1714 1276 non
1744 1230 1950 1277 temere

80 1319 283 1388 desinit,
314 1318 421 1373 nisi
454 1316 619 1371 etiam
650 1316 919 1370 sciremus
958 1335 1068 1372 non
1106 1318 1507 1390 permissuram
1529 1317 1621 1372 Dei
1658 1316 1947 1389 providen-

83 1414 213 1469 tiam
247 1422 306 1470 ut
337 1415 429 1468 ille
461 1420 664 1467 temere
695 1411 915 1467 definiat
942 1434 967 1463 »
1002 1414 1086 1483 (cle
1115 1414 1343 1468 Romano
1385 1414 1658 1485 Pontifice,
1689 1414 1834 1469 libro
1863 1412 1947 1483 IV,

83 1527 201 1582 cap.
231 1510 305 1580 u).

162 1603 422 1658 Similiter
462 1600 802 1657 clarissimus
839 1601 1031 1657 Petrus
1070 1603 1349 1672 Ballerini,
1383 1609 1679 1677 postquam
1723 1610 1834 1660 tres
1865 1623 1939 1661 re-

87 1699 299 1753 censuit
335 1699 400 1752 ab
433 1695 684 1751 omnibus
710 1696 1006 1766 requisitas
1036 1699 1383 1753 conditiones
1415 1706 1477 1753 ut
1507 1699 1756 1754 definitio
1782 1718 1846 1754 em
1870 1719 1953 1755 ca-

88 1795 267 1848 thedra
309 1791 611 1847 infallibilis
658 1793 932 1848 censenda
977 1794 1047 1848 sit
1093 1794 1390 1865 (videlicet,
1418 1801 1479 1849 ut
1518 1801 1771 1849 versetur
1810 1797 1954 1851 circa

83 1888 261 1954 fidem,
298 1894 345 1942 et
380 1887 698 1960 pronuntiet
725 1887 867 1962 Papa
898 1895 1163 1962 tanquam
1190 1890 1435 1945 Pontifex
1462 1896 1513 1945 et
1539 1909 1650 1946 non
1684 1896 1953 1964 tanquam

79 1982 266 2037 doctor
286 1982 559 2055 *privatum
594 1988 646 2038 et
684 1991 744 2038 ut
782 2001 893 2038 non
937 1991 1152 2041 constet
1195 2003 1322 2040 eum
1357 1986 1614 2043 libertate
1654 1988 1951 2062 caruisse),

79 2076 361 2150 subjungit
388 2078 706 2134 nullatenus
740 2079 1050 2136 curandum
1090 2099 1209 2138 esse
1247 2082 1314 2137 de
1348 2083 1634 2155 aliquibus
1666 2085 1793 2140 aliis
1826 2104 1954 2141 con-

0 2194 1 2207 *
79 2171 398 2243 ditionibuS,
432 2192 568 2246 quas
608 2175 836 2249 insuper
875 2178 1219 2233 necessarias
1261 2181 1523 2235 nonnulli
1565 2181 1779 2248 dicunt3
1824 2183 1953 2254 quia

80 2267 303 2338 scilicet,
342 2270 612 2331 stantibus
657 2272 837 2327 tribus
882 2272 1005 2328 istis
1045 2275 1346 2348 praedictis,
1399 2284 1610 2333 caeterae
1655 2280 1723 2352 (si
1766 2298 1953 2335 revera

84 2365 399 2419 necessariae
432 2365 561 2438 sint)
590 2385 805 2442 semper
837 2369 1059 2439 adsunt,
1087 2389 1186 2426 nec
1206 2372 1525 2444 contingere
1552 2382 1728 2447 potest
1752 2381 1813 2430 ut
1842 2394 1954 2430 non

85 2459 285 2515 adsint.

161 2576 186 2606 «
205 2555 368 2611 Nemo
388 2558 474 2614 liic
498 2560 655 2631 mihi,
687 2562 890 2634 inquit,
917 2581 1038 2618 cam
1068 2564 1454 2638 quaestionem,
1479 2566 1756 2621 curiosam
1781 2568 1954 2640 magis

83 2666 243 2720 quam
269 2655 655 2726 necessariam,
682 2657 915 2728 ingerat,
954 2676 1090 2712 num
1120 2659 1239 2715 aliae
1266 2662 1518 2731 quaedam
1552 2663 1896 2719 conditiones
1923 2682 1953 2719 a

82 2747 356 2803 nonnullis
402 2752 681 2807 recensitae
721 2754 1220 2827 praerequirantur,
1255 2763 1316 2811 ut
1351 2758 1601 2813 definitio
1645 2760 1863 2816 dicatur
1889 2780 1954 2817 ex

80 2843 316 2898 cathedra
338 2868 354 2909 ;
380 2846 645 2902 nimirum
674 2850 868 2918 orati0,
910 2868 1140 2907 examen
1172 2854 1586 2928 Scripturarum
1623 2865 1674 2914 et
1707 2859 1955 2913 traditio-

79 2937 185 3006 nis,
217 2941 568 3012 consultatiO,
595 2952 698 2999 etc.
735 2946 867 3002 Cum
891 2949 1039 3003 enim
1063 2967 1127 3004 ex
1156 2951 1414 3008 indicatis
1440 2954 1639 3010 Christi
1664 2956 1954 3029 promissis

82 3040 131 3086 ot
164 3033 457 3089 traditione
482 3037 667 3110 ipsa...
705 3050 915 3098 certum
954 3047 1145 3102 haberi
1171 3049 1370 3104 debeat
1408 3068 1519 3104 non
1544 3068 1728 3105 errare
1769 3050 1953 3103 Ponti-

84 3128 210 3182 tices
225 3147 351 3183 cum
371 3130 640 3188 definiunt
656 3136 782 3192 fidei
806 3157 1025 3196 causas,
1041 3185 1102 3210 ..,
1127 3146 1329 3200 suflicit
1359 3153 1420 3200 ut
1443 3147 1790 3200 conditiones
1814 3146 1880 3200 ad
1901 3146 1955 3200 id

83 3222 187 3277 rite
216 3231 265 3278 et
295 3231 437 3279 recte
462 3230 834 3298 praestandum
867 3237 1164 3305 requisitas
1190 3257 1300 3292 non
1319 3240 1561 3293 defuisse
1586 3241 1950 3296 credamus...

82 3319 138 3374 Si
159 3337 355 3392 erg0...
392 3324 662 3396 promissa
689 3334 769 3382 est
801 3331 1038 3384 summis
1074 3332 1430 3388 Pontificibus
1459 3335 1764 3393 inerrantia
1796 3345 1849 3394 et
1874 3339 1954 3395 in—

84 3415 409 3507 fallibilitaS,
442 3422 663 3492 quando
696 3441 756 3479 ex
784 3424 1056 3497 primatus
1088 3427 1267 3484 officio
1298 3430 1543 3502 aliquam
1578 3434 1703 3490 fidei
1737 3444 1954 3493 contro-

84 3514 313 3568 versiam
365 3516 658 3589 detiniunt,
714 3521 1052 3592 promissum
1098 3523 1263 3579 etiam
1304 3525 1475 3582 fuisse
1524 3528 1850 3604 intelligitur
1886 3551 1954 3588 ne

261 3632 292 3663 1.
475 3663 477 3667 ,
1658 3633 1712 3677 16
