2410 4114
905 244 1031 289 PARS
1063 242 1214 288 PRIMA
1223 275 1232 286 .
1956 241 2012 289 29

205 358 423 414 ΑηΑΤοΒ.
469 390 539 397 -
586 388 605 414 «
639 400 1048 416 ......
1113 366 1190 411 Cui
1216 364 1394 411 tradidit
1418 364 1565 422 Agnus

583 445 696 497 Quas
726 427 881 504 passus
905 440 1090 488 salvavit
1114 454 1233 494 oves,
1262 446 1500 500 totumque
1524 454 1603 499 per
1624 439 1779 486 orbem

587 520 673 566 Hoc
696 522 828 577 auget
850 520 1028 575 pastore
1051 528 1262 572 gregem;
1285 529 1372 574 quo
1394 529 1584 562 munere
1606 529 1812 561 summus

588 593 752 651 Surgit.
778 610 798 634 2»
869 590 980 650 (Act.
1007 589 1061 634 de
1083 588 1228 642 Petro,
1255 603 1356 648 cap.
1387 591 1437 647 ι.)

217 717 271 772 S.
305 716 588 771 Gnssoomus.
634 743 710 751 —-
746 729 774 762 «
822 706 1045 763 Cunctis
1090 706 1446 778 Evangelium
1476 708 1782 764 scientibus
1826 710 2024 783 liquet,

145 813 290 885 quod
319 809 637 866 beatissimo
666 812 718 862 et
751 805 1005 862 omnium
1036 803 1423 878 Apostolorum
1470 802 1710 876 principi
1735 805 1890 861 Petro
1929 807 2029 863 Do-

141 909 345 965 minica
363 924 493 962 voce
510 905 681 962 totius
703 904 958 961 Ecclesiae
981 921 1115 959 cura
1133 901 1431 958 commissa
1447 908 1576 957 est»
1603 901 1718 967 (lib.
1741 901 1824 973 IV,
1847 903 2026 976 Epist.

143 1009 212 1063 52
238 1007 305 1063 ad
328 1004 594 1076 Maurit.).
621 1037 690 1045 —
721 1026 747 1055 «
768 1003 900 1060 Ecce
925 1003 1105 1058 claves
1135 1001 1291 1075 regni
1322 999 1563 1055 coelestis
1599 1000 1830 1074 accepit,
1853 1007 2034 1075 potes-

144 1113 228 1160 tas
258 1106 307 1159 ei
333 1103 543 1177 ligandi
575 1110 741 1175 atque
769 1101 1017 1158 solvendi
1050 1099 1344 1170 tribuitur,
1365 1117 1500 1155 cura
1519 1099 1568 1154 ei
1591 1099 1764 1155 totius
1784 1098 2036 1155 Ecclesiae

153 1207 203 1258 et
234 1202 570 1275 principatus
597 1200 869 1256 tribuitur
899 1220 924 1251 »
958 1198 1168 1271 (ibid.).

226 1299 377 1354 Bam.
406 1333 474 1341 —
502 1321 528 1350 «
553 1299 698 1354 Vidit
732 1298 915 1354 cordis
942 1297 1060 1369 ejus
1106 1295 1545 1370 simplicitatem,
1578 1297 1711 1352 vidit
1747 1297 1921 1353 animi
1949 1315 2040 1352 su-

150 1396 504 1465 blimitatem,
534 1398 694 1469 cujus
722 1396 921 1451 merito
949 1400 1317 1449 cunctaeesset
1341 1394 1719 1467 praeferendus
1735 1394 1989 1450 Ecclesia}
2013 1417 2038 1446 »

157 1495 238 1568 (in
268 1494 429 1566 Vigil.
461 1494 516 1548 S.
550 1494 825 1564 Andreae).

237 1613 263 1643 «
289 1591 413 1646 Ideo
455 1591 650 1645 beatus
690 1589 905 1657 Petrus,
955 1589 1051 1660 qui
1107 1589 1383 1643 Christum
1424 1606 1551 1643 vera
1600 1588 1707 1644 fide
1759 1590 2047 1646 confessus

162 1705 288 1742 vero
324 1691 405 1740 est
434 1703 622 1740 amore
647 1691 893 1751 secutus,
924 1684 1238 1756 specialiter
1271 1684 1450 1739 claves
1489 1685 1645 1756 regni
1688 1686 1958 1741 coelorum
1997 1693 2046 1741 et

164 1783 540 1858 principatum
587 1781 896 1853 judiciariae
953 1781 1240 1853 potestatis
1288 1781 1496 1853 accepit
1522 1804 1532 1844 ;
1602 1786 1660 1835 ut
1721 1800 1915 1836 omnes
1954 1801 2052 1856 per

162 1882 364 1936 Orbem
412 1879 700 1935 credentes
751 1877 1087 1953 intelligant,
1138 1878 1269 1950 quia
1324 1879 1668 1952 quicumque
1712 1881 1780 1935 ab
1836 1881 2053 1936 unitate

165 1979 289 2034 fidei
310 1979 394 2034 vel
417 1977 693 2033 societatis
725 1977 878 2032 illius
902 1977 1152 2049 quolibet
1181 1977 1344 2032 modo
1371 1978 1699 2051 semetipsos
1734 1987 2050 2052 segregant,

166 2075 302 2130 tales
347 2093 447 2130 nec
480 2074 718 2130 vinculis
761 2081 1115 2148 peccatorum
1165 2075 1398 2142 absolvi,
1437 2093 1538 2130 nec
1580 2075 1813 2148 januam
1842 2078 2056 2150 possint

167 2173 321 2244 regni
352 2172 587 2228 coelestis
615 2172 831 2245 ingredi
865 2194 890 2223 »
923 2172 997 2243 (in
1022 2172 1177 2227 Festo
1202 2172 1346 2228 Petri
1377 2178 1428 2227 et
1447 2173 1650 2244 Pauli).

244 2269 298 2325 S,
324 2269 628 2326 Bssnmnnns,
659 2303 728 2311 —-
751 2291 777 2321 «
805 2270 976 2325 Locus
1002 2270 1058 2324 in
1094 2289 1202 2343 quo
1228 2278 1342 2327 stas
1366 2276 1515 2327 terra
1548 2278 1738 2328 saneta
1765 2279 1870 2344 cst,
1907 2273 2060 2329 locus

171 2365 314 2420 Petri
356 2372 459 2433 est,
498 2367 650 2421 locus
690 2366 957 2440 principis
989 2367 1396 2440 Apostolorum,
1443 2369 1541 2424 ubi
1583 2375 1857 2425 steterunt
1898 2371 2061 2443 pedes

177 2461 296 2532 ejus
314 2484 324 2525 ς
344 2462 499 2516 locus
517 2462 670 2516 illius
688 2470 767 2518 est
783 2482 949 2535 quem
970 2465 1256 2520 constituit
1276 2466 1538 2520 Dominus
1558 2466 1849 2521 dominum
1863 2468 2064 2522 domus

180 2575 292 2612 suae
322 2565 371 2612 et
404 2557 712 2630 principem
758 2560 938 2613 omnis
978 2561 1344 2632 possessionis
1374 2579 1486 2615 suae
1532 2583 1558 2614 »
1602 2559 1790 2634 (Epist.
1846 2563 1953 2616 257
1997 2563 2067 2618 ad

182 2655 386 2727 Eugen.
405 2655 441 2725 ).
463 2687 531 2696 —-
562 2678 586 2706 «
610 2655 789 2710 Instar
820 2656 1037 2710 Domini
1063 2658 1318 2728 gradiens
1353 2675 1521 2730 supra
1549 2676 1726 2728 mare,
1747 2660 1980 2715 unicum
2007 2679 2065 2716 se

183 2753 385 2807 Christi
420 2753 688 2808 vicarium
727 2752 1056 2824 designavit„
1088 2754 1183 2825 qui
1213 2773 1320 2809 non
1347 2754 1445 2809 uni
1469 2755 1693 2829 popule,
1725 2758 1817 2811 sed
1853 2757 2067 2813 cunctis

187 2866 387 2924 prcesse
407 2849 651 2918 deberet,
680 2849 958 2921 siquidem
987 2868 1141 2921 aqusc
1165 2851 1375 2921 multae,
1401 2852 1590 2925 populi
1615 2853 1827 2907 multi»
1859 2853 1979 2925 (lib.
2004 2854 2066 2924 ll,

190 2947 255 3002 de
280 2947 606 3018 Consider.).

268 3044 545 3098 Vssmxrius
591 3043 906 3097 Foarumrus
943 3043 1015 3098 ita
1045 3043 1262 3117 scripsit
1300 3046 1367 3099 dc
1407 3045 1565 3101 Petro
1601 3054 1653 3102 et
1689 3047 1855 3102 Paulo
1886 3049 1949 3119 (l.
1986 3048 2072 3114 lll,

196 3150 242 3185 c.
278 3132 330 3202 7)
358 3154 368 3184 z

503 3264 521 3283 «
551 3244 671 3289 Inter
697 3244 966 3302 Apostolicas
994 3245 1184 3291 radianti
1207 3247 1306 3291 luce
1330 3261 1534 3301 coronas,

619 3318 788 3363 Doctior
816 3319 887 3363 bic
912 3320 1111 3372 monitis,
1135 3322 1301 3366 celsior
1324 3323 1402 3366 ille
1424 3321 1590 3380 qradu.
1618 3342 1635 3358 »ι

278 3449 715 3503 SACRAMENTARIUM
731 3447 1059 3515 Girumu-m,
1075 3466 1103 3501 a
1118 3447 1437 3502 Mabillonio
1455 3445 1829 3500 editum.—In
1850 3445 2082 3503 introitu

207 3545 390 3600 missae
432 3562 531 3617 pro
570 3544 707 3598 festo
749 3541 1098 3597 CathedraeS.
1130 3541 1271 3596 Petri
1298 3541 1376 3596 sic
1414 3542 1683 3597 habetur:
1718 3564 1742 3592 «
1777 3541 2085 3598 Beatissimi

209 3643 350 3698 Petri
372 3641 612 3715 Apostoli
656 3639 1128 3695 solemnissimum
1154 3638 1322 3707 diem,
1344 3638 1400 3692 in
1425 3656 1534 3709 quo
1557 3656 1708 3705 omne
1727 3640 1815 3712 jus
1837 3639 2086 3712 gentium
