2320 4010
209 149 298 199 676
441 163 447 171 ’
674 143 828 191 INDEX
857 142 1020 191 JUXTA
1049 142 1387 192 MATERIARUM
1417 143 1667 195 ORDINEM.

318 255 344 308 ἓ
371 253 412 295 5.
431 272 486 284 --
504 252 534 294 E
564 249 825 293 sessionibus
857 253 1011 302 quarta
1040 252 1086 291 et
1104 247 1255 303 quinta
1277 247 1614 294 constantiensis
1649 253 1820 296 concilii
1841 265 2004 311 nequa-

370 333 502 375 quam
531 319 684 362 inferri
714 323 854 373 potest
876 319 1052 361 Romani
1074 318 1291 362 Pontificis
1319 318 1562 363 fallibilitas
1587 326 1664 364 aut
1691 325 1907 376 generalis
1930 338 2004 380 sy-

367 390 473 432 nodi
505 399 637 442 supra
660 388 803 442 ipsum
827 387 1064 430 auctoritas
1070 415 1995 441 ..................

367 459 572 515 Prop.1=.
603 482 658 490 -
679 458 834 500 Pisana
849 457 1033 512 synodus
1056 469 1145 500 non
1176 458 1319 501 fuerat
1344 459 1624 503 oecumenica.
1664 491 1676 503 .
1709 449 1712 451 ⁵
1716 491 1996 511 ......

369 530 502 584 Prop.
529 529 604 571 11⁸.
623 551 678 559 —
701 527 824 570 Gesta
847 527 1012 570 Pisanae
1032 527 1183 582 synodi
1209 539 1296 570 non
1319 529 1504 582 probant
1518 541 1614 573 eam
1642 529 1904 576 existimasse
1925 533 2004 577 Ro·

423 608 602 642 manum
618 596 867 639 Pontificem
884 597 1071 640 concilio
1080 597 1279 650 generali
1292 597 1468 650 subjici;
1489 599 1564 641 sed
1581 599 1721 653 potius
1734 601 2004 671 contrarium

426 666 630 709 evincunt
638 695 862 708 .....
865 685 868 687 Δ
905 696 1997 716 .....................

368 737 499 790 Prop.
530 735 622 778 ΙΙΙ.
657 758 712 766 -
735 735 910 777 Decreta
942 735 1277 778 constantiensia
1310 735 1356 778 in
1388 735 1574 779 sessione
1609 741 1767 790 quarta
1798 739 1999 792 legenda.

422 805 627 858 disposita
644 816 694 847 ac
720 803 1004 846 determinata
1019 804 1193 846 fuerant
1219 817 1244 846 a
1273 804 1519 848 nationibus
1542 817 1592 848 eo
1617 807 1742 849 modo
1759 819 1845 861 quo
1863 813 2007 852 extant
2074 789 2079 794 ¹

422 876 469 916 in
498 873 686 916 sessione
713 873 865 927 quinta
883 887 894 923 ;
915 873 989 915 sed
1013 878 1163 915 exorta
1186 873 1314 926 paulo
1343 879 1443 916 ante
1466 873 1699 916 sessionem
1725 886 1880 929 magna
1910 888 2011 918 con-

419 943 611 986 tentione
632 944 773 998 quoad
787 955 856 986 eas
877 947 1019 996 partes
1038 955 1134 996 quae
1150 942 1222 996 jus
1235 942 1406 985 concilii
1427 954 1555 996 supra
1569 943 1724 997 Papam
1739 945 2004 998 exprimunt,

423 1026 479 1055 eae
502 1017 644 1066 partes
674 1025 759 1055 non
794 1012 971 1054 fuerunt
995 1013 1048 1053 de
1082 1012 1195 1053 facto
1233 1012 1281 1053 in
1308 1012 1499 1054 sessione
1523 1019 1682 1066 quarta
1701 1015 1944 1066 publicatae.
1985 1047 1995 1058 .

368 1084 500 1136 Prop.
531 1082 620 1124 IV2.
647 1103 704 1112 —-
726 1081 880 1122 Contra
903 1080 1075 1121 decreta
1100 1079 1304 1140 sessionis
1331 1080 1499 1133 quintae
1533 1080 1866 1124 constantiensis
1887 1095 2005 1136 prae-

422 1151 531 1193 viam
555 1149 906 1203 protestationem
935 1148 1178 1191 emiserunt
1198 1148 1439 1191 cardinales
1462 1155 1506 1192 et
1529 1155 1722 1192 oratores
1745 1151 1862 1203 regis
1879 1152 2007 1194 Fran-

424 1230 500 1260 cire
513 1245 2001 1264 ............................

365 1289 497 1341 Prop.
530 1286 592 1329 γ’.
619 1309 673 1317 -—
696 1287 839 1329 Modus
865 1286 1035 1328 serendi
1069 1285 1278 1339 suffragia
1302 1285 1348 1327 in
1374 1285 1682 1328 constantiensi
1709 1285 1888 1329 concilio
1910 1292 2004 1330 sta-

423 1361 554 1408 tutus,
580 1367 666 1398 non
688 1355 772 1397 suit
797 1356 1023 1408 legitimus
1029 1386 2001 1401 ...................

368 1426 499 1479 Prop.
536 1426 613 1469 V12.
633 1447 688 1455 —
705 1424 821 1466 Dicta
838 1425 1007 1466 decreta
1026 1423 1362 1466 constantiensia
1381 1423 1584 1466 sessionis
1603 1427 1765 1477 quartae
1783 1428 1824 1465 et
1848 1423 2008 1476 quintae

420 1495 547 1536 nihili
563 1494 757 1537 facienda
783 1499 897 1545 sunt,
918 1493 1020 1546 quia
1038 1493 1168 1546 hujus
1186 1493 1332 1547 synodi
1355 1498 1544 1547 potestas
1578 1493 1630 1534 ad
1654 1494 1762 1535 hanc
1783 1492 2008 1535 materiam

422 1576 515 1606 sese
543 1576 629 1605 non
664 1563 922 1605 extendebat
926 1592 2004 1608 .....................

368 1631 498 1684 Prop.
533 1630 708 1673 VII².-—
723 1631 843 1673 Dicta
861 1631 1030 1673 decreta
1055 1630 1390 1672 constantiensia
1413 1630 1541 1672 nihili
1562 1630 1755 1673 facienda
1774 1635 1892 1682 sunt,
1910 1631 2010 1684 quia

423 1711 564 1752 neque
586 1700 752 1742 concilii
776 1700 954 1741 indictio
970 1702 1116 1753 'neque
1138 1700 1255 1741 fama
1278 1699 1451 1752 publica
1477 1699 1592 1741 orbis
1616 1699 1812 1741 catholici
1835 1700 2011 1753 Episco-

422 1778 498 1819 pos
537 1773 868 1819 przemonuerat,
895 1768 1166 1809 tractandum
1198 1768 1288 1809 sore
1316 1768 1367 1809 de
1395 1767 1647 1808 auctoritate
1679 1767 1849 1809 concilii
1878 1780 2011 1820 supra

423 1835 617 1889 Papam:
659 1841 703 1877 et
738 1835 832 1878 ideo
870 1837 1010 1889 quoad
1036 1837 1156 1878 illam
1188 1837 1413 1877 materiam
1443 1836 1515 1888 Jus
1554 1836 1810 1887 absentium,
1850 1836 1894 1876 id
1927 1841 2008 1887 est,

423 1905 599 1958 maJ'oris
634 1906 770 1959 partis
800 1905 1112 1959 Episcoporum‚
1140 1918 1225 1947 non
1246 1905 1494 1947 devolutum
1518 1905 1606 1947 fuit
1632 1906 1684 1946 ad
1703 1911 1950 1958 praesentes.
1988 1939 1999 1949 .

372 1974 503 2028 Prop.
542 1976 663 2016 VIIP.
693 1976 931 2022 -Quartae
969 1982 1010 2017 et
1036 1976 1202 2028 quintae
1234 1975 1430 2018 sessionis
1455 1981 1660 2028 tempore,
1697 1974 2014 2017 Constantiense

428 2043 661 2084 concilium
693 2056 779 2084 non
812 2044 895 2084 fuit
926 2044 1236 2084 oecumcnicum
1242 2074 2004 2090 ...............

376 2112 506 2166 Prop.
539 2113 630 2154 IX2.
650 2136 705 2142 —
719 2112 839 2154 Dicta.
857 2112 1029 2170 decreta
1046 2112 1381 2154 Constantiensia
1397 2111 1598 2154 sessionis
1615 2115 1778 2164 quartae
1799 2116 1840 2152 et
1857 2111 2018 2163 quinta}

432 2181 557 2222 nihili
587 2181 785 2222 facienda
809 2186 923 2231 sunt,
949 2181 1051 2232 quia
1074 2181 1208 2232 logice
1228 2181 1282 2221 ad
1305 2181 1535 2221 schismata
1558 2180 1843 2230 deduxerunt,
1871 2193 1919 2221 ac
1941 2191 2019 2232 ge-

432 2251 568 2292 nerali
595 2250 792 2291 Ecclesiae
815 2262 942 2291 sensu
963 2256 1004 2291 et
1022 2250 1143 2303 praxi
1167 2249 1397 2302 reprobata
1419 2254 1520 2290 sunt
1525 2277 2011 2295 ..........

377 2322 508 2374 Prop.
541 2323 612 2362 Xa.
641 2343 693 2350 —
719 2319 767 2360 In
799 2319 1110 2361 Constantiensi
1148 2319 1324 2361 concilio
1363 2318 1586 2359 sublatum
1618 2323 1681 2359 est
1712 2318 1894 2360 schisma
1924 2318 2017 2360 sine

432 2402 516 2431 usu
537 2389 760 2443 potestatis
785 2388 954 2430 concilii
982 2400 1110 2442 supra
1138 2389 1296 2442 Papam
1302 2421 2012 2434 ..............

379 2460 510 2513 Prop.
542 2459 632 2501 XP.
658 2481 714 2489 —
730 2458 900 2505 Quartae
924 2463 968 2499 et
990 2460 1155 2511 quintae
1176 2458 1413 2500 sessionum
1441 2457 1826 2500 constantiensium
1851 2458 2018 2500 decreta

433 2539 517 2568 non
543 2528 726 2568 suerunt
750 2539 774 2568 a
803 2527 981 2568 Martino
1001 2527 1030 2567 V
1048 2527 1297 2569 confirmata
1303 2560 2012 2573 ..............

381 2596 512 2650 Prop.
544 2597 656 2638 XH2.
683 2619 737 2626 —
752 2595 955 2637 Damnata
978 2600 1042 2638 est
1070 2608 1094 2636 a
1123 2596 1302 2638 Martino
1325 2596 1355 2638 V
1385 2595 1529 2650 opinio
1553 2607 1651 2648 quae
1674 2599 1796 2637 tenet
1820 2595 2021 2649 appellari

432 2676 555 2718 posse
584 2678 609 2707 a
633 2666 744 2718 Papa
771 2665 825 2707 ad
850 2665 1044 2706 futurum
1069 2665 1298 2707 concilium
1305 2697 2018 2712 ..............

275 2734 366 2777 Car.
398 2733 484 2777 vn.
512 2757 565 2763 —
583 2734 733 2787 Opinio
752 2735 804 2776 de
825 2735 1001 2776 Romani
1029 2734 1242 2776 Pontificis
1266 2734 1538 2785 fallibilitate,
1567 2733 1903 2775 constantiensis
1921 2745 2025 2775 con-

330 2803 423 2847 cilii
451 2803 720 2856 temporibus
744 2806 853 2852 orta,
893 2815 990 2844 mox
1025 2803 1308 2844 communiter
1336 2803 1495 2856 rejecta
1525 2807 1603 2853 est,
1638 2814 1716 2845 nec
1741 2802 1895 2844 revixit
1925 2807 2024 2844 ante

331 2867 494 2916 annum
515 2871 637 2912 1665.
662 2905 671 2915 .
708 2906 729 2929 ,Ι
762 2903 2015 2920 ........................

333 2939 533 2982 Definitio
556 2939 727 2983 concilii
751 2940 982 2981 Florentini
989 2969 2017 2988 ....................

330 3007 536 3051 Doctrina
563 3008 695 3050 sancti
723 3007 895 3049 Joannis
928 3008 980 3050 de
1011 3007 1262 3060 capistrano
1269 3036 2015 3056 ...............

331 3076 535 3120 Doctrina
555 3076 693 3119 sancti
714 3076 918 3118 Antonini
936 3078 950 3104 ¹
957 3104 2015 3124 .....................

331 3145 533 3188 Doctrina
555 3145 741 3199 Dionysii
770 3144 1042 3187 Carthusiani
1049 3175 1588 3190 ...........
1603 3156 1610 3162 ·
1631 3175 2016 3190 ........

332 3213 515 3255 Celebris
537 3213 831 3255 condemnatio
859 3213 973 3255 Petri
998 3213 1050 3255 de
1071 3214 1211 3258 Osma.
1231 3263 1233 3265 ¹
1250 3242 2018 3258 ...............

330 3281 536 3324 Doctrina
565 3282 800 3324 Cardinalis
824 3282 1070 3335 Hieronymi
1101 3281 1264 3324 Albani.
1301 3313 1315 3326 .
1359 3317 1370 3328 .
1413 3313 1424 3324 .
1466 3315 1476 3325 .
1575 3312 2016 3327 .........

330 3350 535 3393 Doctrina
556 3350 789 3393 Facultatis
808 3350 1074 3394 Lovaniensis
1103 3352 1217 3394 'anno
1255 3349 1365 3393 1544
1369 3378 2016 3396 .............

333 3419 533 3462 Doctrina
549 3419 656 3463 cleri
681 3420 885 3463 Gallicani
910 3432 1022 3462 anno
1045 3419 1150 3461 1579
1155 3449 2015 3467 .................

2051 397 2131 444 494
2207 374 2285 459 '325

2054 467 2135 511 494
2160 496 2162 498 ψ
2216 469 2228 489 -·

2055 655 2131 714 497

2056 1015 2135 1057 499

2062 1221 2136 1263 507
2260 1189 2294 1288 ,ᾖ

2062 1357 2140 1400 508

2063 1561 2141 1604 510

2063 1905 2140 1947 515

2065 2042 2140 2084 517

2070 2249 2151 2310 519

2073 2386 2152 2429 520

2073 2525 2152 2567 524

2077 2663 2152 2705 527

2077 2870 2156 2912 529

2078 2936 2156 2979 529

2078 3004 2156 3047 550

2077 3074 2154 3116 554

2077 3142 2155 3184 555

2076 3209 2156 3251 555

2076 3276 2155 3319 546

2077 3346 2154 3388 550

2075 3414 2154 3456 550

273 3589 323 3636 (1)
350 3590 401 3628 De
433 3591 614 3630 doctrina
637 3592 763 3629 sancti
795 3592 989 3636 Antonini,
1019 3594 1060 3629 et
1093 3591 1142 3629 de
1172 3591 1321 3638 insigni
1345 3591 1485 3630 fraude
1509 3599 1588 3638 qua
1612 3591 1735 3639 ipsius
1769 3598 1891 3636 opera
1916 3585 2166 3633 interpolatax

221 3643 345 3691 fuere,
363 3648 452 3685 vide
474 3653 613 3688 notam
633 3650 683 3688 ad
704 3651 857 3688 calcem
874 3650 976 3687 tomi
997 3649 1161 3688 secundi
1185 3650 1368 3697 positam.
