2372 4108
902 240 1027 287 PARS
1057 240 1228 287 PRIMA.
1922 240 2009 287 115

126 363 450 404 revocemus
482 345 721 420 aliquOS‚
753 347 917 421 officii
949 348 1119 402 nostri
1139 362 1480 419 provocemur
1509 346 1779 417 instinctu,
1807 347 1864 402 in
1892 364 2010 420 spe-

127 447 254 501 culis
295 463 328 500 a
360 445 468 501 Deo
508 446 796 515 constituti,
826 450 886 500 ut
918 442 1219 516 vigilantiae
1244 449 1446 500 nostrae
1480 443 1827 518 diligentiam
1859 461 2010 500 com-

128 543 446 618 probanteS,
491 550 543 600 et
585 562 699 617 quae
742 541 1026 599 coercenda
1067 549 1188 596 sunt
1228 559 1538 608 resecemus,
1590 550 1642 599 et
1680 562 1796 617 quae
1836 545 2012 605 obser-

126 643 300 697 vanda
334 650 451 698 sunt
477 644 794 697 sanciamus.
823 639 978 696 Circa
1003 640 1235 710 quamvis
1267 638 1549 712 lonqinqua
1576 643 1866 714 spiritualis
1891 659 2014 697 cura

129 758 239 796 non
279 739 481 807 deficit,
511 738 607 794 sed
644 754 704 793 se
738 754 833 811 per
858 738 1038 791 omnia
1067 753 1169 808 qua
1201 753 1387 790 nomen
1421 736 1520 792 Dei
1558 739 1886 810 praedicatur
1923 756 2015 794 ex-

129 836 305 892 tendit
341 856 369 888 »
419 835 588 909 (apud
629 833 911 902 Constant,
979 832 1224 906 Epistolae
1269 832 1627 888 Romanorum
1672 835 2014 907 Pontificum,

130 934 232 990 col.
267 932 432 1003 1066,
457 931 586 988 edit.
618 931 864 1002 Parisiis,
892 930 1184 1003 1721).1bi
1212 936 1401 1006 aperte
1424 930 1533 986 sibi
1564 931 1762 987 tribuit
1792 941 2019 990 sanctus

132 1032 456 1088 Coelestinus
474 1032 706 1104 officium
732 1037 783 1087 et
807 1048 988 1086 euram
1016 1022 1290 1086 resecandi-
1314 1047 1437 1102 quae
1462 1031 1767 1086 coercenda
1794 1037 1948 1102 sunt,
1970 1037 2022 1087 et

135 1130 402 1186 sanciendi
431 1148 553 1204 quae
591 1136 721 1186 sunt
763 1128 1124 1185 observanda.
1156 1127 1262 1183 Nec
1295 1127 1484 1183 minus
1518 1134 1708 1202 aperte
1738 1127 1795 1183 id
1833 1112 2021 1201 quoad

138 1230 428 1285 universum
454 1230 626 1284 orbem
655 1227 763 1283 sibi
787 1226 1049 1293 vindicat3
1079 1221 1227 1300 quod
1257 1225 1405 1282 idem
1445 1226 1673 1282 omnino
1703 1234 1783 1283 est
1819 1246 1882 1283 ac
1909 1227 2023 1302 pri-

143 1331 351 1382 matum
383 1325 793 1399 jurisdictionis
825 1325 931 1380 sibi
960 1324 1261 1380 vindicare.

217 1425 268 1480 2.
301 1424 356 1478 In
391 1421 593 1478 litteris
627 1422 744 1476 suis
772 1402 849 1476 'ad
879 1421 1169 1476 universos
1194 1421 1406 1495 Apuliae
1438 1428 1490 1477 et
1522 1422 1784 1478 Calabriae
1806 1422 2025 1497 Episco-

149 1539 282 1593 pos:
323 1519 636 1591 «Quisquis
659 1535 788 1573 vero
824 1525 1052 1574 conatus
1078 1519 1245 1573 fuerit
1264 1525 1477 1575 tentare
1495 1520 1800 1593 prohibita,
1828 1521 2026 1576 sentiet

151 1637 434 1676 censuram
485 1616 635 1676 Sedis
670 1614 996 1688 Apostolicae
1050 1616 1283 1672 minime
1326 1616 1666 1672 defuturam.
1713 1619 1842 1682 Quae
1878 1619 2022 1674 enim

150 1718 263 1773 sola
309 1711 698 1773 admonitionis
741 1713 1069 1768 auctoritate
1115 1731 1223 1767 non
1267 1713 1622 1784 corrigimus,
1670 1732 1896 1770 necesse
1944 1723 2027 1773 est

144 1829 243 1883 per
272 1811 610 1866 severitatem
655 1814 1052 1880 congruentem
1090 1807 1299 1879 regulis
1334 1808 1702 1864 vindicemus.
1746 1810 1846 1865 Per
1882 1818 2029 1868 totas

126 1906 265 1973 -hoc,
297 1923 415 1978 quae
451 1904 693 1979 propriis
725 1904 1033 1960 rectoribus
1057 1911 1264 1975 carent,
1298 1906 1557 1962 ecclesias
1580 1907 1842 1963 volumus
1870 1909 2027 1965 inno-

143 2008 311 2058 tescat
363 2024 389 2055 »
446 2003 612 2078 (apud
658 2003 944 2073 Coustant,
990 2003 1236 2076 Epistolae
1280 2003 1641 2060 Romanorum
1687 2005 2024 2078 Pontificum,

142 2099 245 2154 col.
280 2099 444 2167 1074,
478 2099 609 2156 edit.
650 2100 897 2171 ParisiiS,
932 2099 1124 2172 1721).
1162 2101 1282 2156 Non
1326 2100 1401 2156 ita
1435 2101 1686 2175 loquitur
1721 2103 1831 2159 nisi
1867 2123 2029 2180 supe-

142 2196 254 2252 rior
289 2198 356 2253 ad
407 2198 717 2267 inferiores,
775 2200 884 2255 nisi
927 2199 1024 2272 qui
1073 2206 1282 2255 certam
1325 2201 1588 2276 supponit
1629 2221 1790 2266 suam
1831 2202 1886 2259 in
1934 2222 2026 2260 eos

137 2295 603 2368 jurisdictionem.
1245 2299 1250 2303 ’

216 2394 270 2449 5.
298 2395 357 2450 In
383 2395 587 2452 litteris
617 2396 734 2452 suis
770 2397 836 2452 ad
869 2403 1122 2452 sanctum
1149 2397 1439 2471 Cyrillum,
1468 2398 1517 2454 ei
1543 2399 1782 2473 injungit
1810 2406 1872 2455 ut
1899 2400 2028 2457 Nes-

144 2492 348 2549 torium
382 2494 536 2551 Sedis
568 2495 828 2551 Romanae
865 2496 1194 2552 auctoritate
1223 2498 1686 2566 excommunicet,
1725 2517 1787 2553 ac
1820 2499 1874 2553 in
1908 2499 2027 2571 ejus

144 2589 327 2646 locum
369 2591 845 2667 Constantinopoli
899 2593 1071 2648 alium
1114 2593 1447 2667 Episcopum
1497 2594 1820 2661 constituat3
1864 2602 2031 2668 atquc

144 2704 302 2743 suam
339 2687 407 2743 ad
451 2688 506 2743 id
552 2688 939 2744 auctoritatem
982 2689 1089 2762 ipsi
1127 2689 1380 2761 delegat:
1415 2710 1441 2741 «
1469 2691 1813 2746 Auctoritate
1858 2691 2028 2763 igitur

144 2792 327 2843 tecum
360 2795 561 2844 nostroe
591 2788 743 2845 Sedis
773 2788 1002 2857 adscita,
1029 2796 1213 2844 nostra
1239 2792 1346 2844 vice
1372 2808 1516 2859 usus,
1540 2791 1683 2845 hanc
1709 2792 2030 2864 exsequeris

141 2885 390 2943 districto
435 2888 622 2961 vigore
666 2888 999 2945 sententiam
1039 2909 1048 2940 :
1097 2894 1159 2943 ut
1211 2894 1307 2943 aut
1353 2887 1500 2943 intra
1547 2889 1735 2946 decem
1780 2890 1919 2961 dies,
1961 2893 2028 2947 ab

142 2985 310 3058 hujus
354 2988 736 3044 conventionis
779 2987 868 3043 die
909 2986 1311 3057 numerandos,
1363 3007 1559 3062 pravas
1605 2990 2028 3064 praedicationes

141 3100 270 3138 suas
300 3084 502 3157 scripta
534 3084 878 3158 professione
902 3085 1255 3153 condemnet,
1299 3090 1351 3140 et
1389 3085 1532 3140 hanc
1559 3105 1616 3142 se
1645 3087 1711 3142 de
1739 3086 2030 3141 Nativitate

142 3175 339 3231 Christi
370 3177 462 3232 Dei
493 3180 667 3235 nostri
694 3181 858 3236 fidem
903 3188 1087 3238 tenere
1118 3182 1430 3250 confirmet,
1468 3201 1637 3254 quam
1674 3183 1943 3248 Romana,
1976 3187 2027 3235 et

146 3278 252 3328 tuae
278 3273 586 3330 sanctitatis
614 3275 875 3345 Ecclesia,
914 3285 966 3334 et
989 3279 1321 3335 universalis
1353 3280 1566 3335 devotio
1599 3285 1769 3343 tenet;
1794 3284 1890 3332 aut
1921 3277 2029 3334 nisi

146 3368 245 3424 hoc
263 3368 473 3436 fecerit,
503 3387 630 3422 mox
658 3370 920 3426 sanctitas
951 3379 1047 3427 tua
1068 3373 1150 3426 illi
1173 3373 1427 3427 Ecclesiae
1453 3372 1764 3445 provisura,
1786 3390 1815 3426 a
1839 3378 2029 3429 nostro

146 3482 273 3521 eum
300 3483 530 3540 corpore
550 3465 728 3520 modis
751 3467 1012 3521 omnibus
1035 3467 1171 3521 sciat
1195 3486 1314 3522 esse
1335 3467 1804 3523 removendum...
1828 3469 2028 3527 Eadem

148 3570 333 3619 autem
365 3563 695 3638 scripsimus
715 3569 766 3618 et
791 3563 854 3617 ad
889 3570 1110 3619 sanctos
1130 3565 1327 3626 fratres
1348 3571 1398 3619 et
1417 3564 1770 3640 coepiscopos
1788 3573 2026 3637 nostrOS,

149 3661 476 3732 Johannem,
513 3663 740 3730 Rufum,
778 3662 1098 3718 <Iuvenalem
1139 3667 1190 3718 et
1216 3661 1559 3728 Flavianum3
1595 3668 1655 3719 ut
1689 3669 1818 3721 nota
1860 3665 1930 3722 sit
1961 3667 2030 3723 de
