<?xml version="1.0" encoding="UTF-8"?>
<!DOCTYPE html PUBLIC "-//W3C//DTD XHTML 1.0 Transitional//EN"
    "http://www.w3.org/TR/xhtml1/DTD/xhtml1-transitional.dtd">
<html xmlns="http://www.w3.org/1999/xhtml" xml:lang="en" lang="en">
 <head>
  <title>
</title>
<meta http-equiv="Content-Type" content="text/html;charset=utf-8" />
  <meta name='ocr-system' content='tesseract 3.04.00' />
  <meta name='ocr-capabilities' content='ocr_page ocr_carea ocr_par ocr_line ocrx_word'/>
</head>
<body>
  <div class='ocr_page' id='page_1' title='image "a548470101bouiuoft_0109.png"; bbox 0 0 2372 4108; ppageno 0'>
   <div class='ocr_carea' id='block_1_1' title="bbox 887 309 1991 359">
    <p class='ocr_par' dir='ltr' id='par_1_1' title="bbox 887 309 1991 359">
     <span class='ocr_line' id='line_1_1' title="bbox 887 309 1991 359; baseline -0.002 -2"><span class='ocrx_word' id='word_1_1' title='bbox 887 310 1013 358; x_wconf 81' lang='lat' dir='ltr'><strong>PARS</strong></span> <span class='ocrx_word' id='word_1_2' title='bbox 1042 311 1210 359; x_wconf 84' lang='lat' dir='ltr'>PRIMA.</span> <span class='ocrx_word' id='word_1_3' title='bbox 1933 309 1991 356; x_wconf 80' lang='lat'>99</span> 
     </span>
    </p>
   </div>
   <div class='ocr_carea' id='block_1_2' title="bbox 104 415 2000 686">
    <p class='ocr_par' dir='ltr' id='par_1_2' title="bbox 104 415 2000 686">
     <span class='ocr_line' id='line_1_2' title="bbox 104 415 1994 495; baseline -0.001 -21"><span class='ocrx_word' id='word_1_4' title='bbox 104 419 484 495; x_wconf 79' lang='lat' dir='ltr'><strong><em>plenitudinem</em></strong></span> <span class='ocrx_word' id='word_1_5' title='bbox 524 419 811 495; x_wconf 87' lang='lat' dir='ltr'>potestatis</span> <span class='ocrx_word' id='word_1_6' title='bbox 850 423 1076 475; x_wconf 85' lang='lat' dir='ltr'>vocatus</span> <span class='ocrx_word' id='word_1_7' title='bbox 1123 419 1216 488; x_wconf 86' lang='lat' dir='ltr'>sit,</span> <span class='ocrx_word' id='word_1_8' title='bbox 1250 417 1344 474; x_wconf 92' lang='lat' dir='ltr'>alii</span> <span class='ocrx_word' id='word_1_9' title='bbox 1371 417 1430 473; x_wconf 90' lang='lat' dir='ltr'>in</span> <span class='ocrx_word' id='word_1_10' title='bbox 1469 422 1684 493; x_wconf 88' lang='lat' dir='ltr'>partem</span> <span class='ocrx_word' id='word_1_11' title='bbox 1723 415 1994 475; x_wconf 90' lang='lat' dir='ltr'>sollicitu-</span> 
     </span>
     <span class='ocr_line' id='line_1_3' title="bbox 110 507 1992 591; baseline -0.001 -18"><span class='ocrx_word' id='word_1_12' title='bbox 110 517 278 586; x_wconf 90' lang='lat' dir='ltr'>dinis;</span> <span class='ocrx_word' id='word_1_13' title='bbox 324 523 379 574; x_wconf 90' lang='lat' dir='ltr'>et</span> <span class='ocrx_word' id='word_1_14' title='bbox 422 518 598 574; x_wconf 87' lang='lat' dir='ltr'>multa</span> <span class='ocrx_word' id='word_1_15' title='bbox 643 515 965 591; x_wconf 90' lang='lat' dir='ltr'>hujusmodi</span> <span class='ocrx_word' id='word_1_16' title='bbox 1005 536 1015 568; x_wconf 91' lang='lat'><strong>:</strong></span> <span class='ocrx_word' id='word_1_17' title='bbox 1062 533 1206 588; x_wconf 88' lang='lat' dir='ltr'>quae,</span> <span class='ocrx_word' id='word_1_18' title='bbox 1253 533 1382 571; x_wconf 89' lang='lat' dir='ltr'>cum</span> <span class='ocrx_word' id='word_1_19' title='bbox 1430 514 1816 589; x_wconf 86' lang='lat' dir='ltr'>vulgatissima</span> <span class='ocrx_word' id='word_1_20' title='bbox 1847 507 1992 584; x_wconf 87' lang='lat' dir='ltr'>sint,</span> 
     </span>
     <span class='ocr_line' id='line_1_4' title="bbox 113 601 2000 686; baseline -0.002 -16"><span class='ocrx_word' id='word_1_21' title='bbox 113 614 343 672; x_wconf 91' lang='lat' dir='ltr'>minime</span> <span class='ocrx_word' id='word_1_22' title='bbox 386 613 925 673; x_wconf 79' lang='lat' dir='ltr'>necessarium&#39;erat</span> <span class='ocrx_word' id='word_1_23' title='bbox 971 629 1281 668; x_wconf 87' lang='lat' dir='ltr'>recensere.</span> <span class='ocrx_word' id='word_1_24' title='bbox 1332 612 1443 668; x_wconf 81' lang='lat' dir='ltr'>Ista</span> <span class='ocrx_word' id='word_1_25' title='bbox 1486 601 1641 686; x_wconf 75' lang='lat' dir='ltr'>plane</span> <span class='ocrx_word' id='word_1_26' title='bbox 1673 614 1904 686; x_wconf 67' lang='lat' dir='ltr'>fatemur</span> <span class='ocrx_word' id='word_1_27' title='bbox 1949 619 2000 668; x_wconf 86' lang='lat' dir='ltr'>et</span> 
     </span>
    </p>
   </div>
   <div class='ocr_carea' id='block_1_3' title="bbox 111 709 1996 881">
    <p class='ocr_par' dir='ltr' id='par_1_3' title="bbox 111 709 1996 881">
     <span class='ocr_line' id='line_1_5' title="bbox 114 709 1996 786; baseline -0.003 -17"><span class='ocrx_word' id='word_1_28' title='bbox 114 715 370 770; x_wconf 80' lang='lat' dir='ltr'>credimus</span> <span class='ocrx_word' id='word_1_29' title='bbox 404 735 432 767; x_wconf 96' lang='lat'>»</span> <span class='ocrx_word' id='word_1_30' title='bbox 491 714 707 786; x_wconf 87' lang='lat' dir='ltr'>(Labhe,</span> <span class='ocrx_word' id='word_1_31' title='bbox 747 709 1115 767; x_wconf 91' lang='lat' dir='ltr'>Conciliorum</span> <span class='ocrx_word' id='word_1_32' title='bbox 1160 715 1310 766; x_wconf 90' lang='lat' dir='ltr'>tomo</span> <span class='ocrx_word' id='word_1_33' title='bbox 1350 710 1462 779; x_wconf 82' lang='lat' dir='ltr'>XII,</span> <span class='ocrx_word' id='word_1_34' title='bbox 1509 709 1614 766; x_wconf 89' lang='lat' dir='ltr'>col.</span> <span class='ocrx_word' id='word_1_35' title='bbox 1658 710 1802 777; x_wconf 86' lang='lat'><strong>679;</strong></span> <span class='ocrx_word' id='word_1_36' title='bbox 1863 709 1996 766; x_wconf 90' lang='lat' dir='ltr'>edit.</span> 
     </span>
     <span class='ocr_line' id='line_1_6' title="bbox 111 809 578 881; baseline -0.004 -16"><span class='ocrx_word' id='word_1_37' title='bbox 111 809 353 879; x_wconf 83' lang='lat' dir='ltr'>ParisiiS,</span> <span class='ocrx_word' id='word_1_38' title='bbox 389 809 578 881; x_wconf 81' lang='lat'><strong>1672).</strong></span> 
     </span>
    </p>
   </div>
   <div class='ocr_carea' id='block_1_4' title="bbox 879 1133 1231 1195">
    <p class='ocr_par' dir='ltr' id='par_1_4' title="bbox 879 1133 1231 1195">
     <span class='ocr_line' id='line_1_7' title="bbox 879 1133 1231 1195; baseline -0.009 0"><span class='ocrx_word' id='word_1_39' title='bbox 879 1133 1121 1195; x_wconf 80' lang='lat' dir='ltr'>CAPUT</span> <span class='ocrx_word' id='word_1_40' title='bbox 1174 1133 1231 1193; x_wconf 94' lang='grc' dir='ltr'>ΙΙ</span> 
     </span>
    </p>
   </div>
   <div class='ocr_carea' id='block_1_5' title="bbox 190 1313 1939 1357">
    <p class='ocr_par' dir='ltr' id='par_1_5' title="bbox 190 1313 1939 1357">
     <span class='ocr_line' id='line_1_8' title="bbox 190 1313 1939 1357; baseline -0.002 -3"><span class='ocrx_word' id='word_1_41' title='bbox 190 1317 618 1355; x_wconf 65' lang='lat' dir='ltr'>Ancmunm&#39;rnm</span> <span class='ocrx_word' id='word_1_42' title='bbox 643 1318 684 1353; x_wconf 76' lang='grc' dir='ltr'><strong>Ε</strong></span> <span class='ocrx_word' id='word_1_43' title='bbox 707 1316 1109 1354; x_wconf 67' lang='grc' dir='ltr'>ΤΒδΤΙΜθΝΙΙβ</span> <span class='ocrx_word' id='word_1_44' title='bbox 1131 1313 1533 1350; x_wconf 56' lang='lat' dir='ltr'>Romanulam!</span> <span class='ocrx_word' id='word_1_45' title='bbox 1559 1314 1939 1357; x_wconf 70' lang='lat' dir='ltr'>vanmcvm</span> 
     </span>
    </p>
   </div>
   <div class='ocr_carea' id='block_1_6' title="bbox 124 1481 2015 2340">
    <p class='ocr_par' dir='ltr' id='par_1_6' title="bbox 124 1481 2015 2241">
     <span class='ocr_line' id='line_1_9' title="bbox 199 1481 2007 1554; baseline -0.003 -13"><span class='ocrx_word' id='word_1_46' title='bbox 199 1488 292 1543; x_wconf 86' lang='lat' dir='ltr'>llic</span> <span class='ocrx_word' id='word_1_47' title='bbox 345 1488 616 1542; x_wconf 86' lang='lat' dir='ltr'>Romanos</span> <span class='ocrx_word' id='word_1_48' title='bbox 662 1484 953 1541; x_wconf 84' lang='lat' dir='ltr'>Pontifices</span> <span class='ocrx_word' id='word_1_49' title='bbox 998 1482 1333 1539; x_wconf 79' lang='lat' dir='ltr'>adducimus</span> <span class='ocrx_word' id='word_1_50' title='bbox 1384 1481 1672 1537; x_wconf 81' lang='lat' dir='ltr'>dumtaxat</span> <span class='ocrx_word' id='word_1_51' title='bbox 1734 1487 2007 1554; x_wconf 80' lang='lat' dir='ltr'>tanquam</span> 
     </span>
     <span class='ocr_line' id='line_1_10' title="bbox 129 1580 2011 1655; baseline -0.002 -15"><span class='ocrx_word' id='word_1_52' title='bbox 129 1593 281 1641; x_wconf 80' lang='lat' dir='ltr'>testes</span> <span class='ocrx_word' id='word_1_53' title='bbox 304 1585 428 1640; x_wconf 84' lang='lat' dir='ltr'>lidci</span> <span class='ocrx_word' id='word_1_54' title='bbox 453 1583 757 1652; x_wconf 66' lang='lat' dir='ltr'>catholicae,</span> <span class='ocrx_word' id='word_1_55' title='bbox 789 1582 971 1655; x_wconf 90' lang='lat' dir='ltr'>quoad</span> <span class='ocrx_word' id='word_1_56' title='bbox 998 1582 1197 1653; x_wconf 82' lang='lat' dir='ltr'>dogma</span> <span class='ocrx_word' id='word_1_57' title='bbox 1224 1582 1290 1637; x_wconf 90' lang='lat' dir='ltr'>de</span> <span class='ocrx_word' id='word_1_58' title='bbox 1321 1599 1430 1654; x_wconf 91' lang='lat' dir='ltr'>quo</span> <span class='ocrx_word' id='word_1_59' title='bbox 1460 1580 1812 1636; x_wconf 80' lang='lat' dir='ltr'>disserimus.</span> <span class='ocrx_word' id='word_1_60' title='bbox 1841 1580 2011 1636; x_wconf 91' lang='lat' dir='ltr'>Nimi-</span> 
     </span>
     <span class='ocr_line' id='line_1_11' title="bbox 128 1677 2013 1748; baseline -0.001 -14"><span class='ocrx_word' id='word_1_61' title='bbox 128 1699 276 1747; x_wconf 92' lang='lat' dir='ltr'>rum,</span> <span class='ocrx_word' id='word_1_62' title='bbox 325 1699 389 1736; x_wconf 86' lang='lat' dir='ltr'>ex</span> <span class='ocrx_word' id='word_1_63' title='bbox 438 1682 690 1736; x_wconf 77' lang='lat' dir='ltr'>communi</span> <span class='ocrx_word' id='word_1_64' title='bbox 740 1680 960 1734; x_wconf 69' lang='lat' dir='ltr'>Petrum</span> <span class='ocrx_word' id='word_1_65' title='bbox 996 1679 1314 1746; x_wconf 79' lang='lat' dir='ltr'>testimonie,</span> <span class='ocrx_word' id='word_1_66' title='bbox 1361 1677 1507 1748; x_wconf 92' lang='lat' dir='ltr'>quod</span> <span class='ocrx_word' id='word_1_67' title='bbox 1559 1694 1857 1732; x_wconf 89' lang='lat' dir='ltr'>erroneum</span> <span class='ocrx_word' id='word_1_68' title='bbox 1891 1694 2013 1733; x_wconf 85' lang='lat' dir='ltr'>esse</span> 
     </span>
     <span class='ocr_line' id='line_1_12' title="bbox 126 1763 2015 1848; baseline -0.001 -17"><span class='ocrx_word' id='word_1_69' title='bbox 126 1776 339 1848; x_wconf 91' lang='lat' dir='ltr'>nequit,</span> <span class='ocrx_word' id='word_1_70' title='bbox 387 1763 686 1831; x_wconf 84' lang='lat' dir='ltr'>fatentibus</span> <span class='ocrx_word' id='word_1_71' title='bbox 730 1772 1051 1830; x_wconf 86' lang='lat' dir='ltr'>orthodoxis</span> <span class='ocrx_word' id='word_1_72' title='bbox 1092 1772 1438 1844; x_wconf 80' lang='lat' dir='ltr'>quibuslibet</span> <span class='ocrx_word' id='word_1_73' title='bbox 1480 1773 1770 1845; x_wconf 85' lang='lat' dir='ltr'>theologis,</span> <span class='ocrx_word' id='word_1_74' title='bbox 1812 1773 2015 1830; x_wconf 89' lang='lat' dir='ltr'>invicte</span> 
     </span>
     <span class='ocr_line' id='line_1_13' title="bbox 125 1869 2014 1946; baseline -0.001 -18"><span class='ocrx_word' id='word_1_75' title='bbox 125 1873 396 1929; x_wconf 88' lang='lat' dir='ltr'>catholica</span> <span class='ocrx_word' id='word_1_76' title='bbox 439 1871 690 1927; x_wconf 90' lang='lat' dir='ltr'>doctrina</span> <span class='ocrx_word' id='word_1_77' title='bbox 743 1871 1180 1927; x_wconf 89' lang='lat' dir='ltr'>demonstratur.</span> <span class='ocrx_word' id='word_1_78' title='bbox 1217 1870 1384 1925; x_wconf 90' lang='lat' dir='ltr'>Porro</span> <span class='ocrx_word' id='word_1_79' title='bbox 1423 1869 1569 1925; x_wconf 89' lang='lat' dir='ltr'>inter</span> <span class='ocrx_word' id='word_1_80' title='bbox 1616 1871 1826 1941; x_wconf 89' lang='lat' dir='ltr'>Patres,</span> <span class='ocrx_word' id='word_1_81' title='bbox 1875 1890 2014 1946; x_wconf 86' lang='lat' dir='ltr'>prae-</span> 
     </span>
     <span class='ocr_line' id='line_1_14' title="bbox 125 1967 2015 2045; baseline -0.001 -19"><span class='ocrx_word' id='word_1_82' title='bbox 125 1971 275 2045; x_wconf 88' lang='lat' dir='ltr'>cipui</span> <span class='ocrx_word' id='word_1_83' title='bbox 309 1970 502 2045; x_wconf 91' lang='lat' dir='ltr'>procul</span> <span class='ocrx_word' id='word_1_84' title='bbox 543 1970 713 2026; x_wconf 92' lang='lat' dir='ltr'>dubio</span> <span class='ocrx_word' id='word_1_85' title='bbox 753 1969 1043 2026; x_wconf 86' lang='lat' dir='ltr'>Pontifices</span> <span class='ocrx_word' id='word_1_86' title='bbox 1083 1967 1340 2025; x_wconf 87' lang='lat' dir='ltr'>Romani.</span> <span class='ocrx_word' id='word_1_87' title='bbox 1383 1968 1590 2024; x_wconf 89' lang='lat' dir='ltr'>Horum</span> <span class='ocrx_word' id='word_1_88' title='bbox 1638 1967 1811 2042; x_wconf 84' lang='lat' dir='ltr'>igitur</span> <span class='ocrx_word' id='word_1_89' title='bbox 1859 1969 2015 2025; x_wconf 89' lang='lat' dir='ltr'>testi-</span> 
     </span>
     <span class='ocr_line' id='line_1_15' title="bbox 126 2068 2015 2135; baseline -0.001 -9"><span class='ocrx_word' id='word_1_90' title='bbox 126 2070 311 2126; x_wconf 90' lang='lat' dir='ltr'>monia</span> <span class='ocrx_word' id='word_1_91' title='bbox 365 2069 595 2126; x_wconf 80' lang='lat' dir='ltr'>seorsim</span> <span class='ocrx_word' id='word_1_92' title='bbox 648 2068 735 2124; x_wconf 92' lang='lat' dir='ltr'>hic</span> <span class='ocrx_word' id='word_1_93' title='bbox 787 2068 1135 2135; x_wconf 82' lang='lat' dir='ltr'>exhibemuS,</span> <span class='ocrx_word' id='word_1_94' title='bbox 1184 2073 1514 2124; x_wconf 79' lang='lat' dir='ltr'>caeterorum</span> <span class='ocrx_word' id='word_1_95' title='bbox 1579 2068 1883 2124; x_wconf 85' lang='lat' dir='ltr'>sententias</span> <span class='ocrx_word' id='word_1_96' title='bbox 1933 2086 2015 2124; x_wconf 91' lang='lat' dir='ltr'>sc-</span> 
     </span>
     <span class='ocr_line' id='line_1_16' title="bbox 124 2166 901 2241; baseline 0.004 -20"><span class='ocrx_word' id='word_1_97' title='bbox 124 2166 315 2239; x_wconf 82' lang='lat' dir='ltr'>quenti</span> <span class='ocrx_word' id='word_1_98' title='bbox 350 2167 527 2241; x_wconf 88' lang='lat' dir='ltr'>capite</span> <span class='ocrx_word' id='word_1_99' title='bbox 559 2166 901 2224; x_wconf 88' lang='lat' dir='ltr'>collecturi¹.</span> 
     </span>
    </p>

    <p class='ocr_par' dir='ltr' id='par_1_7' title="bbox 200 2263 2015 2340">
     <span class='ocr_line' id='line_1_17' title="bbox 200 2263 2015 2340; baseline 0.002 -21"><span class='ocrx_word' id='word_1_100' title='bbox 200 2264 415 2320; x_wconf 56' lang='lat' dir='ltr'>Sacros</span> <span class='ocrx_word' id='word_1_101' title='bbox 463 2266 624 2320; x_wconf 79' lang='lat' dir='ltr'>JULqu</span> <span class='ocrx_word' id='word_1_102' title='bbox 675 2265 722 2332; x_wconf 81' lang='grc' dir='ltr'>Ι,</span> <span class='ocrx_word' id='word_1_103' title='bbox 787 2270 1006 2322; x_wconf 89' lang='lat' dir='ltr'>creatus</span> <span class='ocrx_word' id='word_1_104' title='bbox 1061 2264 1309 2320; x_wconf 79' lang='lat' dir='ltr'>Pontifex</span> <span class='ocrx_word' id='word_1_105' title='bbox 1371 2282 1516 2319; x_wconf 90' lang='lat' dir='ltr'>anno</span> <span class='ocrx_word' id='word_1_106' title='bbox 1564 2264 1701 2333; x_wconf 79' lang='lat'>556,</span> <span class='ocrx_word' id='word_1_107' title='bbox 1761 2263 1818 2319; x_wconf 92' lang='lat' dir='ltr'>in</span> <span class='ocrx_word' id='word_1_108' title='bbox 1872 2265 2015 2340; x_wconf 89' lang='lat' dir='ltr'>epis-</span> 
     </span>
    </p>
   </div>
   <div class='ocr_carea' id='block_1_7' title="bbox 130 2448 2022 3789">
    <p class='ocr_par' dir='ltr' id='par_1_8' title="bbox 130 2448 2022 3584">
     <span class='ocr_line' id='line_1_18' title="bbox 182 2448 2016 2504; baseline 0.003 -15"><span class='ocrx_word' id='word_1_109' title='bbox 182 2448 196 2475; x_wconf 80' lang='lat'>¹</span> <span class='ocrx_word' id='word_1_110' title='bbox 217 2450 299 2491; x_wconf 87' lang='lat' dir='ltr'>Etsi</span> <span class='ocrx_word' id='word_1_111' title='bbox 319 2462 446 2502; x_wconf 83' lang='lat' dir='ltr'>pauca</span> <span class='ocrx_word' id='word_1_112' title='bbox 471 2453 683 2503; x_wconf 81' lang='lat' dir='ltr'>supersint</span> <span class='ocrx_word' id='word_1_113' title='bbox 718 2453 899 2494; x_wconf 85' lang='lat' dir='ltr'>duorum</span> <span class='ocrx_word' id='word_1_114' title='bbox 927 2453 1118 2504; x_wconf 84' lang='lat' dir='ltr'>priorum</span> <span class='ocrx_word' id='word_1_115' title='bbox 1139 2452 1391 2492; x_wconf 80' lang='lat' dir='ltr'>saeculorum</span> <span class='ocrx_word' id='word_1_116' title='bbox 1419 2458 1707 2502; x_wconf 85' lang='lat' dir='ltr'>monumenta,</span> <span class='ocrx_word' id='word_1_117' title='bbox 1733 2451 1931 2494; x_wconf 83' lang='lat' dir='ltr'>evincunt</span> <span class='ocrx_word' id='word_1_118' title='bbox 1951 2458 2016 2493; x_wconf 77' lang='lat' dir='ltr'>ta-</span> 
     </span>
     <span class='ocr_line' id='line_1_19' title="bbox 133 2518 2018 2572; baseline 0.002 -17"><span class='ocrx_word' id='word_1_119' title='bbox 133 2528 226 2556; x_wconf 89' lang='lat' dir='ltr'>men</span> <span class='ocrx_word' id='word_1_120' title='bbox 247 2529 295 2558; x_wconf 89' lang='lat' dir='ltr'>eo</span> <span class='ocrx_word' id='word_1_121' title='bbox 324 2523 505 2569; x_wconf 86' lang='lat' dir='ltr'>tempore</span> <span class='ocrx_word' id='word_1_122' title='bbox 528 2518 730 2559; x_wconf 86' lang='lat' dir='ltr'>Romanos</span> <span class='ocrx_word' id='word_1_123' title='bbox 746 2519 963 2561; x_wconf 89' lang='lat' dir='ltr'>Pontifices</span> <span class='ocrx_word' id='word_1_124' title='bbox 976 2519 1352 2572; x_wconf 87' lang='lat' dir='ltr'>jurisdictionalem</span> <span class='ocrx_word' id='word_1_125' title='bbox 1369 2518 1597 2570; x_wconf 88' lang='lat' dir='ltr'>primatum</span> <span class='ocrx_word' id='word_1_126' title='bbox 1619 2519 1872 2565; x_wconf 75' lang='lat' dir='ltr'>exercuisse,</span> <span class='ocrx_word' id='word_1_127' title='bbox 1896 2521 2018 2572; x_wconf 80' lang='lat' dir='ltr'>«Ipsa</span> 
     </span>
     <span class='ocr_line' id='line_1_20' title="bbox 133 2584 2019 2639; baseline 0.001 -14"><span class='ocrx_word' id='word_1_128' title='bbox 133 2584 257 2626; x_wconf 86' lang='lat' dir='ltr'>etiam</span> <span class='ocrx_word' id='word_1_129' title='bbox 292 2586 493 2626; x_wconf 87' lang='lat' dir='ltr'>nascentis</span> <span class='ocrx_word' id='word_1_130' title='bbox 521 2586 710 2627; x_wconf 76' lang='lat' dir='ltr'>Ecclesiae</span> <span class='ocrx_word' id='word_1_131' title='bbox 738 2588 903 2628; x_wconf 87' lang='lat' dir='ltr'>exordia</span> <span class='ocrx_word' id='word_1_132' title='bbox 937 2588 972 2629; x_wconf 91' lang='lat' dir='ltr'>si</span> <span class='ocrx_word' id='word_1_133' title='bbox 996 2589 1219 2629; x_wconf 86' lang='lat' dir='ltr'>recolimus</span> <span class='ocrx_word' id='word_1_134' title='bbox 1242 2588 1317 2639; x_wconf 67' lang='lat' dir='ltr'>(ait</span> <span class='ocrx_word' id='word_1_135' title='bbox 1351 2586 1575 2639; x_wconf 80' lang='lat' dir='ltr'>Constant),</span> <span class='ocrx_word' id='word_1_136' title='bbox 1613 2592 1806 2627; x_wconf 81' lang='lat' dir='ltr'>occurret</span> <span class='ocrx_word' id='word_1_137' title='bbox 1839 2588 2019 2639; x_wconf 83' lang='lat' dir='ltr'>Epistola</span> 
     </span>
     <span class='ocr_line' id='line_1_21' title="bbox 130 2652 2019 2709; baseline 0.003 -17"><span class='ocrx_word' id='word_1_138' title='bbox 130 2652 435 2694; x_wconf 88' lang='lat' dir='ltr'>Corinthiorum</span> <span class='ocrx_word' id='word_1_139' title='bbox 455 2654 505 2695; x_wconf 89' lang='lat' dir='ltr'>ad</span> <span class='ocrx_word' id='word_1_140' title='bbox 530 2654 795 2705; x_wconf 82' lang='lat' dir='ltr'>Clementem,</span> <span class='ocrx_word' id='word_1_141' title='bbox 815 2655 860 2695; x_wconf 89' lang='lat' dir='ltr'>in</span> <span class='ocrx_word' id='word_1_142' title='bbox 878 2668 960 2708; x_wconf 89' lang='lat' dir='ltr'>quo</span> <span class='ocrx_word' id='word_1_143' title='bbox 981 2662 1074 2709; x_wconf 89' lang='lat' dir='ltr'>post</span> <span class='ocrx_word' id='word_1_144' title='bbox 1092 2657 1319 2708; x_wconf 82' lang='lat' dir='ltr'>expositam</span> <span class='ocrx_word' id='word_1_145' title='bbox 1336 2653 1555 2696; x_wconf 70' lang='lat' dir='ltr'>discordiae</span> <span class='ocrx_word' id='word_1_146' title='bbox 1571 2656 1682 2706; x_wconf 89' lang='lat' dir='ltr'>apud</span> <span class='ocrx_word' id='word_1_147' title='bbox 1706 2656 1816 2707; x_wconf 89' lang='lat' dir='ltr'>ipsos</span> <span class='ocrx_word' id='word_1_148' title='bbox 1833 2657 2019 2697; x_wconf 65' lang='lat' dir='ltr'>suborta}</span> 
     </span>
     <span class='ocr_line' id='line_1_22' title="bbox 131 2721 2019 2776; baseline 0.001 -14"><span class='ocrx_word' id='word_1_149' title='bbox 131 2732 307 2771; x_wconf 78' lang='lat' dir='ltr'>causam,</span> <span class='ocrx_word' id='word_1_150' title='bbox 337 2721 615 2764; x_wconf 84' lang='lat' dir='ltr'>Romanorum</span> <span class='ocrx_word' id='word_1_151' title='bbox 641 2735 760 2775; x_wconf 89' lang='lat' dir='ltr'>opem</span> <span class='ocrx_word' id='word_1_152' title='bbox 790 2729 832 2765; x_wconf 92' lang='lat' dir='ltr'>et</span> <span class='ocrx_word' id='word_1_153' title='bbox 873 2725 1095 2766; x_wconf 89' lang='lat' dir='ltr'>consilium</span> <span class='ocrx_word' id='word_1_154' title='bbox 1122 2724 1398 2776; x_wconf 85' lang='lat' dir='ltr'>implorabant</span> <span class='ocrx_word' id='word_1_155' title='bbox 1423 2738 1441 2762; x_wconf 72' lang='lat'>1&gt;</span> <span class='ocrx_word' id='word_1_156' title='bbox 1469 2723 1693 2776; x_wconf 76' lang='lat' dir='ltr'>(Constant,</span> <span class='ocrx_word' id='word_1_157' title='bbox 1714 2725 1914 2776; x_wconf 61' lang='lat' dir='ltr'>Epistol&amp;</span> <span class='ocrx_word' id='word_1_158' title='bbox 1943 2727 2019 2766; x_wconf 72' lang='lat' dir='ltr'>Ilo..</span> 
     </span>
     <span class='ocr_line' id='line_1_23' title="bbox 132 2790 2020 2845; baseline 0.002 -16"><span class='ocrx_word' id='word_1_159' title='bbox 132 2799 342 2830; x_wconf 62' lang='lat' dir='ltr'>&#39;nouorum</span> <span class='ocrx_word' id='word_1_160' title='bbox 361 2790 613 2842; x_wconf 75' lang='lat' dir='ltr'>Pontificum,</span> <span class='ocrx_word' id='word_1_161' title='bbox 635 2794 770 2845; x_wconf 53' lang='lat' dir='ltr'>pmcn,</span> <span class='ocrx_word' id='word_1_162' title='bbox 797 2805 890 2845; x_wconf 84' lang='lat' dir='ltr'>pag.</span> <span class='ocrx_word' id='word_1_163' title='bbox 915 2794 997 2845; x_wconf 42' lang='lat'>⁴16).</span> <span class='ocrx_word' id='word_1_164' title='bbox 1018 2793 1156 2839; x_wconf 82' lang='lat' dir='ltr'>Quoad</span> <span class='ocrx_word' id='word_1_165' title='bbox 1185 2793 1371 2844; x_wconf 87' lang='lat' dir='ltr'>proxime</span> <span class='ocrx_word' id='word_1_166' title='bbox 1391 2798 1530 2834; x_wconf 86' lang='lat' dir='ltr'>secuta</span> <span class='ocrx_word' id='word_1_167' title='bbox 1550 2798 1748 2844; x_wconf 85' lang='lat' dir='ltr'>tempora,</span> <span class='ocrx_word' id='word_1_168' title='bbox 1769 2793 1828 2833; x_wconf 89' lang='lat' dir='ltr'>sic</span> <span class='ocrx_word' id='word_1_169' title='bbox 1849 2793 2020 2833; x_wconf 89' lang='lat' dir='ltr'>adnotat</span> 
     </span>
     <span class='ocr_line' id='line_1_24' title="bbox 131 2856 2022 2915; baseline 0.003 -18"><span class='ocrx_word' id='word_1_170' title='bbox 131 2856 255 2898; x_wconf 80' lang='lat' dir='ltr'>Mansi</span> <span class='ocrx_word' id='word_1_171' title='bbox 272 2859 396 2909; x_wconf 86' lang='lat' dir='ltr'>(notae</span> <span class='ocrx_word' id='word_1_172' title='bbox 413 2860 463 2900; x_wconf 85' lang='lat' dir='ltr'>ad</span> <span class='ocrx_word' id='word_1_173' title='bbox 477 2859 656 2900; x_wconf 80' lang='lat' dir='ltr'>Natalem</span> <span class='ocrx_word' id='word_1_174' title='bbox 672 2862 956 2910; x_wconf 78' lang='lat' dir='ltr'>Alexandrem,</span> <span class='ocrx_word' id='word_1_175' title='bbox 971 2867 1002 2902; x_wconf 93' lang='lat' dir='ltr'>t.</span> <span class='ocrx_word' id='word_1_176' title='bbox 1023 2862 1083 2910; x_wconf 87' lang='lat' dir='ltr'>IV,</span> <span class='ocrx_word' id='word_1_177' title='bbox 1106 2876 1146 2915; x_wconf 90' lang='lat' dir='ltr'>p.</span> <span class='ocrx_word' id='word_1_178' title='bbox 1161 2860 1720 2913; x_wconf 81' lang='lat' dir='ltr'>541,edit.Fe1-rarae,1759)</span> <span class='ocrx_word' id='word_1_179' title='bbox 1744 2873 1752 2901; x_wconf 91' lang='lat'>:</span> <span class='ocrx_word' id='word_1_180' title='bbox 1776 2875 1794 2899; x_wconf 88' lang='lat'>«</span> <span class='ocrx_word' id='word_1_181' title='bbox 1809 2861 2022 2914; x_wconf 82' lang='lat' dir='ltr'>Negabant</span> 
     </span>
     <span class='ocr_line' id='line_1_25' title="bbox 131 2923 2019 2981; baseline 0.003 -17"><span class='ocrx_word' id='word_1_182' title='bbox 131 2923 293 2965; x_wconf 83' lang='lat' dir='ltr'>Asiatici</span> <span class='ocrx_word' id='word_1_183' title='bbox 311 2926 462 2977; x_wconf 83' lang='lat' dir='ltr'>pascha</span> <span class='ocrx_word' id='word_1_184' title='bbox 485 2927 629 2967; x_wconf 87' lang='lat' dir='ltr'>eadem</span> <span class='ocrx_word' id='word_1_185' title='bbox 660 2928 726 2969; x_wconf 91' lang='lat' dir='ltr'>die</span> <span class='ocrx_word' id='word_1_186' title='bbox 749 2941 830 2980; x_wconf 88' lang='lat' dir='ltr'>qua</span> <span class='ocrx_word' id='word_1_187' title='bbox 853 2929 994 2969; x_wconf 71' lang='lat' dir='ltr'>cteteri</span> <span class='ocrx_word' id='word_1_188' title='bbox 1017 2929 1096 2969; x_wconf 84' lang='lat' dir='ltr'>sibi</span> <span class='ocrx_word' id='word_1_189' title='bbox 1126 2930 1424 2970; x_wconf 87' lang='lat' dir='ltr'>celebrandum</span> <span class='ocrx_word' id='word_1_190' title='bbox 1450 2941 1554 2970; x_wconf 89' lang='lat' dir='ltr'>esse.</span> <span class='ocrx_word' id='word_1_191' title='bbox 1574 2928 1710 2969; x_wconf 86' lang='lat' dir='ltr'>Victor</span> <span class='ocrx_word' id='word_1_192' title='bbox 1729 2929 1838 2981; x_wconf 86' lang='lat' dir='ltr'>Papa</span> <span class='ocrx_word' id='word_1_193' title='bbox 1868 2929 2019 2970; x_wconf 89' lang='lat' dir='ltr'>redar-</span> 
     </span>
     <span class='ocr_line' id='line_1_26' title="bbox 132 2991 2020 3050; baseline 0.004 -19"><span class='ocrx_word' id='word_1_194' title='bbox 132 2992 314 3042; x_wconf 82' lang='lat' dir='ltr'>guendos</span> <span class='ocrx_word' id='word_1_195' title='bbox 331 2991 423 3034; x_wconf 89' lang='lat' dir='ltr'>illos</span> <span class='ocrx_word' id='word_1_196' title='bbox 450 2995 687 3047; x_wconf 88' lang='lat' dir='ltr'>assumpsit,</span> <span class='ocrx_word' id='word_1_197' title='bbox 711 2997 1126 3050; x_wconf 84' lang='lat' dir='ltr'>segregationemque</span> <span class='ocrx_word' id='word_1_198' title='bbox 1150 2998 1201 3038; x_wconf 89' lang='lat' dir='ltr'>ab</span> <span class='ocrx_word' id='word_1_199' title='bbox 1226 2998 1401 3039; x_wconf 79' lang='lat' dir='ltr'>Ecclesia</span> <span class='ocrx_word' id='word_1_200' title='bbox 1422 2997 1640 3038; x_wconf 88' lang='lat' dir='ltr'>minitatus</span> <span class='ocrx_word' id='word_1_201' title='bbox 1664 3002 1741 3047; x_wconf 91' lang='lat' dir='ltr'>est,</span> <span class='ocrx_word' id='word_1_202' title='bbox 1771 2997 1852 3038; x_wconf 88' lang='lat' dir='ltr'>nisi</span> <span class='ocrx_word' id='word_1_203' title='bbox 1869 3011 1911 3039; x_wconf 87' lang='lat' dir='ltr'>se</span> <span class='ocrx_word' id='word_1_204' title='bbox 1935 3011 2020 3038; x_wconf 66' lang='lat' dir='ltr'>cze-</span> 
     </span>
     <span class='ocr_line' id='line_1_27' title="bbox 132 3058 2019 3118; baseline 0.004 -21"><span class='ocrx_word' id='word_1_205' title='bbox 132 3058 231 3098; x_wconf 90' lang='lat' dir='ltr'>teris</span> <span class='ocrx_word' id='word_1_206' title='bbox 250 3060 543 3111; x_wconf 84' lang='lat' dir='ltr'>adjungerent.</span> <span class='ocrx_word' id='word_1_207' title='bbox 568 3063 766 3109; x_wconf 88' lang='lat' dir='ltr'>Quisnam</span> <span class='ocrx_word' id='word_1_208' title='bbox 790 3065 966 3106; x_wconf 86' lang='lat' dir='ltr'>aliarum</span> <span class='ocrx_word' id='word_1_209' title='bbox 997 3065 1170 3107; x_wconf 91' lang='lat' dir='ltr'>urbium</span> <span class='ocrx_word' id='word_1_210' title='bbox 1188 3066 1410 3118; x_wconf 88' lang='lat' dir='ltr'>Episcopus</span> <span class='ocrx_word' id='word_1_211' title='bbox 1437 3066 1477 3106; x_wconf 92' lang='lat' dir='ltr'>id</span> <span class='ocrx_word' id='word_1_212' title='bbox 1501 3066 1581 3107; x_wconf 84' lang='lat' dir='ltr'>sibi</span> <span class='ocrx_word' id='word_1_213' title='bbox 1607 3066 1815 3118; x_wconf 88' lang='lat' dir='ltr'>agendum</span> <span class='ocrx_word' id='word_1_214' title='bbox 1834 3066 1878 3105; x_wconf 89' lang='lat' dir='ltr'>in</span> <span class='ocrx_word' id='word_1_215' title='bbox 1901 3066 2019 3116; x_wconf 84' lang='lat' dir='ltr'>Epis-</span> 
     </span>
     <span class='ocr_line' id='line_1_28' title="bbox 137 3126 2016 3186; baseline 0.004 -23"><span class='ocrx_word' id='word_1_216' title='bbox 137 3135 253 3174; x_wconf 83' lang='lat' dir='ltr'>oopos</span> <span class='ocrx_word' id='word_1_217' title='bbox 275 3126 444 3168; x_wconf 89' lang='lat' dir='ltr'>alterius</span> <span class='ocrx_word' id='word_1_218' title='bbox 480 3129 669 3172; x_wconf 86' lang='lat' dir='ltr'>dioecesis</span> <span class='ocrx_word' id='word_1_219' title='bbox 693 3137 734 3172; x_wconf 92' lang='lat' dir='ltr'>et</span> <span class='ocrx_word' id='word_1_220' title='bbox 755 3132 978 3185; x_wconf 84' lang='lat' dir='ltr'>provinciae</span> <span class='ocrx_word' id='word_1_221' title='bbox 994 3140 1230 3186; x_wconf 82' lang='lat' dir='ltr'>arrogasset</span> <span class='ocrx_word' id='word_1_222' title='bbox 1251 3146 1438 3186; x_wconf 91' lang='lat' dir='ltr'>unquam</span> <span class='ocrx_word' id='word_1_223' title='bbox 1451 3134 1474 3173; x_wconf 71' lang='lat'>¹?</span> <span class='ocrx_word' id='word_1_224' title='bbox 1505 3133 1693 3182; x_wconf 84' lang='lat' dir='ltr'>Marcion,</span> <span class='ocrx_word' id='word_1_225' title='bbox 1715 3133 1859 3180; x_wconf 89' lang='lat' dir='ltr'>Cerdo,</span> <span class='ocrx_word' id='word_1_226' title='bbox 1881 3133 1924 3171; x_wconf 88' lang='lat' dir='ltr'>in</span> <span class='ocrx_word' id='word_1_227' title='bbox 1943 3145 2016 3172; x_wconf 80' lang='lat' dir='ltr'>sua</span> 
     </span>
     <span class='ocr_line' id='line_1_29' title="bbox 138 3190 2018 3251; baseline 0.004 -22"><span class='ocrx_word' id='word_1_228' title='bbox 138 3190 313 3243; x_wconf 87' lang='lat' dir='ltr'>quisque</span> <span class='ocrx_word' id='word_1_229' title='bbox 341 3195 474 3244; x_wconf 83' lang='lat' dir='ltr'>patria</span> <span class='ocrx_word' id='word_1_230' title='bbox 500 3196 681 3238; x_wconf 86' lang='lat' dir='ltr'>damnati</span> <span class='ocrx_word' id='word_1_231' title='bbox 709 3201 901 3251; x_wconf 85' lang='lat' dir='ltr'>pulsique</span> <span class='ocrx_word' id='word_1_232' title='bbox 936 3201 1105 3242; x_wconf 83' lang='lat' dir='ltr'>Romam</span> <span class='ocrx_word' id='word_1_233' title='bbox 1137 3214 1226 3243; x_wconf 89' lang='lat' dir='ltr'>sese</span> <span class='ocrx_word' id='word_1_234' title='bbox 1260 3204 1535 3249; x_wconf 42' lang='lat' dir='ltr'>conferente&amp;</span> <span class='ocrx_word' id='word_1_235' title='bbox 1565 3200 1873 3241; x_wconf 86' lang='lat' dir='ltr'>restitutionem</span> <span class='ocrx_word' id='word_1_236' title='bbox 1900 3210 2018 3238; x_wconf 85' lang='lat' dir='ltr'>suam</span> 
     </span>
     <span class='ocr_line' id='line_1_30' title="bbox 137 3258 2019 3320; baseline 0.002 -23"><span class='ocrx_word' id='word_1_237' title='bbox 137 3258 423 3300; x_wconf 80' lang='lat' dir='ltr'>sollicitarunt.</span> <span class='ocrx_word' id='word_1_238' title='bbox 446 3261 781 3305; x_wconf 73' lang='lat' dir='ltr'>Montanistarum</span> <span class='ocrx_word' id='word_1_239' title='bbox 804 3273 912 3308; x_wconf 87' lang='lat' dir='ltr'>secta</span> <span class='ocrx_word' id='word_1_240' title='bbox 929 3269 1118 3310; x_wconf 83' lang='lat' dir='ltr'>asiaticos</span> <span class='ocrx_word' id='word_1_241' title='bbox 1139 3270 1342 3320; x_wconf 86' lang='lat' dir='ltr'>quosdam</span> <span class='ocrx_word' id='word_1_242' title='bbox 1362 3269 1579 3318; x_wconf 83' lang='lat' dir='ltr'>Episcopos</span> <span class='ocrx_word' id='word_1_243' title='bbox 1607 3267 1716 3306; x_wconf 87' lang='lat' dir='ltr'>inter</span> <span class='ocrx_word' id='word_1_244' title='bbox 1738 3277 1782 3304; x_wconf 89' lang='lat' dir='ltr'>se</span> <span class='ocrx_word' id='word_1_245' title='bbox 1799 3263 2019 3303; x_wconf 78' lang='lat' dir='ltr'>commis-e-</span> 
     </span>
     <span class='ocr_line' id='line_1_31' title="bbox 139 3327 2018 3390; baseline 0.002 -24"><span class='ocrx_word' id='word_1_246' title='bbox 139 3333 218 3366; x_wconf 85' lang='lat' dir='ltr'>rat.</span> <span class='ocrx_word' id='word_1_247' title='bbox 246 3327 451 3369; x_wconf 86' lang='lat' dir='ltr'>Romanus</span> <span class='ocrx_word' id='word_1_248' title='bbox 471 3328 655 3371; x_wconf 76' lang='lat' dir='ltr'>Pontifex</span> <span class='ocrx_word' id='word_1_249' title='bbox 684 3334 885 3387; x_wconf 79' lang='lat' dir='ltr'>Anicetus,</span> <span class='ocrx_word' id='word_1_250' title='bbox 914 3337 1051 3388; x_wconf 88' lang='lat' dir='ltr'>primo</span> <span class='ocrx_word' id='word_1_251' title='bbox 1074 3338 1244 3390; x_wconf 88' lang='lat' dir='ltr'>quidem</span> <span class='ocrx_word' id='word_1_252' title='bbox 1273 3339 1324 3378; x_wconf 86' lang='lat' dir='ltr'>ab</span> <span class='ocrx_word' id='word_1_253' title='bbox 1353 3335 1563 3376; x_wconf 80' lang='lat' dir='ltr'>haereticis</span> <span class='ocrx_word' id='word_1_254' title='bbox 1581 3334 1793 3382; x_wconf 87' lang='lat' dir='ltr'>deceptus,</span> <span class='ocrx_word' id='word_1_255' title='bbox 1826 3331 1920 3371; x_wconf 87' lang='lat' dir='ltr'>illos</span> <span class='ocrx_word' id='word_1_256' title='bbox 1941 3330 2018 3370; x_wconf 88' lang='lat' dir='ltr'>ad-</span> 
     </span>
     <span class='ocr_line' id='line_1_32' title="bbox 138 3392 2014 3456; baseline 0.004 -24"><span class='ocrx_word' id='word_1_257' title='bbox 138 3392 263 3442; x_wconf 83' lang='lat' dir='ltr'>misit,</span> <span class='ocrx_word' id='word_1_258' title='bbox 282 3394 500 3447; x_wconf 75' lang='lat' dir='ltr'>effecitque</span> <span class='ocrx_word' id='word_1_259' title='bbox 517 3397 763 3440; x_wconf 87' lang='lat' dir='ltr'>auctoritate</span> <span class='ocrx_word' id='word_1_260' title='bbox 786 3413 859 3442; x_wconf 88' lang='lat' dir='ltr'>sua</span> <span class='ocrx_word' id='word_1_261' title='bbox 875 3414 927 3443; x_wconf 91' lang='lat' dir='ltr'>ne</span> <span class='ocrx_word' id='word_1_262' title='bbox 942 3404 1132 3445; x_wconf 88' lang='lat' dir='ltr'>homiues</span> <span class='ocrx_word' id='word_1_263' title='bbox 1150 3405 1214 3444; x_wconf 89' lang='lat' dir='ltr'>illi</span> <span class='ocrx_word' id='word_1_264' title='bbox 1233 3417 1255 3444; x_wconf 89' lang='lat' dir='ltr'>a</span> <span class='ocrx_word' id='word_1_265' title='bbox 1276 3417 1349 3445; x_wconf 82' lang='lat' dir='ltr'>sua</span> <span class='ocrx_word' id='word_1_266' title='bbox 1371 3403 1527 3456; x_wconf 88' lang='lat' dir='ltr'>quique</span> <span class='ocrx_word' id='word_1_267' title='bbox 1546 3400 1721 3440; x_wconf 81' lang='lat' dir='ltr'>Ecclesia</span> <span class='ocrx_word' id='word_1_268' title='bbox 1743 3400 2014 3451; x_wconf 83' lang='lat' dir='ltr'>pellerentur.</span> 
     </span>
     <span class='ocr_line' id='line_1_33' title="bbox 138 3461 2018 3517; baseline 0.005 -17"><span class='ocrx_word' id='word_1_269' title='bbox 138 3461 258 3501; x_wconf 81' lang='lat' dir='ltr'>Brevi</span> <span class='ocrx_word' id='word_1_270' title='bbox 282 3467 432 3512; x_wconf 85' lang='lat' dir='ltr'>tamen,</span> <span class='ocrx_word' id='word_1_271' title='bbox 456 3463 629 3505; x_wconf 86' lang='lat' dir='ltr'>detectis</span> <span class='ocrx_word' id='word_1_272' title='bbox 648 3466 880 3517; x_wconf 77' lang='lat' dir='ltr'>fraudibus,</span> <span class='ocrx_word' id='word_1_273' title='bbox 899 3472 1151 3511; x_wconf 86' lang='lat' dir='ltr'>sententiam</span> <span class='ocrx_word' id='word_1_274' title='bbox 1170 3473 1390 3511; x_wconf 78' lang='lat' dir='ltr'>mutavit.»</span> <span class='ocrx_word' id='word_1_275' title='bbox 1410 3472 1528 3509; x_wconf 86' lang='lat' dir='ltr'>Facta</span> <span class='ocrx_word' id='word_1_276' title='bbox 1553 3469 1639 3509; x_wconf 86' lang='lat' dir='ltr'>haec</span> <span class='ocrx_word' id='word_1_277' title='bbox 1654 3468 1852 3508; x_wconf 84' lang='lat' dir='ltr'>exhibent</span> <span class='ocrx_word' id='word_1_278' title='bbox 1874 3468 2018 3510; x_wconf 86' lang='lat' dir='ltr'>Roma-</span> 
     </span>
     <span class='ocr_line' id='line_1_34' title="bbox 139 3530 1815 3584; baseline 0.006 -15"><span class='ocrx_word' id='word_1_279' title='bbox 139 3541 211 3570; x_wconf 91' lang='lat' dir='ltr'>nos</span> <span class='ocrx_word' id='word_1_280' title='bbox 231 3530 445 3572; x_wconf 86' lang='lat' dir='ltr'>Pontifices</span> <span class='ocrx_word' id='word_1_281' title='bbox 471 3533 605 3584; x_wconf 89' lang='lat' dir='ltr'>primo</span> <span class='ocrx_word' id='word_1_282' title='bbox 623 3539 663 3575; x_wconf 88' lang='lat' dir='ltr'>et</span> <span class='ocrx_word' id='word_1_283' title='bbox 681 3536 862 3576; x_wconf 85' lang='lat' dir='ltr'>secundo</span> <span class='ocrx_word' id='word_1_284' title='bbox 878 3538 1027 3578; x_wconf 83' lang='lat' dir='ltr'>saeculo</span> <span class='ocrx_word' id='word_1_285' title='bbox 1045 3538 1274 3577; x_wconf 83' lang='lat' dir='ltr'>Primatum</span> <span class='ocrx_word' id='word_1_286' title='bbox 1290 3542 1542 3578; x_wconf 82' lang='lat' dir='ltr'>exercentes.</span> <span class='ocrx_word' id='word_1_287' title='bbox 1812 3530 1815 3533; x_wconf 44' lang='lat'>¹</span> 
     </span>
    </p>

    <p class='ocr_par' dir='ltr' id='par_1_9' title="bbox 141 3597 2016 3789">
     <span class='ocr_line' id='line_1_35' title="bbox 193 3597 2016 3655; baseline 0.005 -19"><span class='ocrx_word' id='word_1_288' title='bbox 193 3597 388 3639; x_wconf 85' lang='lat' dir='ltr'>Emndem</span> <span class='ocrx_word' id='word_1_289' title='bbox 408 3599 634 3651; x_wconf 88' lang='lat' dir='ltr'>primatum</span> <span class='ocrx_word' id='word_1_290' title='bbox 671 3601 794 3642; x_wconf 89' lang='lat' dir='ltr'>tertio</span> <span class='ocrx_word' id='word_1_291' title='bbox 830 3604 982 3644; x_wconf 75' lang='lat' dir='ltr'>saeculo</span> <span class='ocrx_word' id='word_1_292' title='bbox 1010 3608 1225 3650; x_wconf 85' lang='lat' dir='ltr'>testantur,</span> <span class='ocrx_word' id='word_1_293' title='bbox 1255 3602 1449 3653; x_wconf 85' lang='lat' dir='ltr'>sequenti</span> <span class='ocrx_word' id='word_1_294' title='bbox 1466 3602 1598 3654; x_wconf 87' lang='lat' dir='ltr'>capite</span> <span class='ocrx_word' id='word_1_295' title='bbox 1619 3602 1766 3655; x_wconf 84' lang='lat' dir='ltr'>posita,</span> <span class='ocrx_word' id='word_1_296' title='bbox 1794 3603 1943 3645; x_wconf 85' lang='lat' dir='ltr'>Irenaei</span> <span class='ocrx_word' id='word_1_297' title='bbox 1973 3610 2016 3645; x_wconf 90' lang='lat' dir='ltr'>et</span> 
     </span>
     <span class='ocr_line' id='line_1_36' title="bbox 141 3665 2015 3723; baseline 0.004 -18"><span class='ocrx_word' id='word_1_298' title='bbox 141 3665 330 3717; x_wconf 77' lang='lat' dir='ltr'>Cypriani</span> <span class='ocrx_word' id='word_1_299' title='bbox 357 3667 477 3712; x_wconf 87' lang='lat' dir='ltr'>dicta.</span> <span class='ocrx_word' id='word_1_300' title='bbox 498 3668 696 3709; x_wconf 55' lang='lat' dir='ltr'>Praesenti</span> <span class='ocrx_word' id='word_1_301' title='bbox 712 3681 810 3710; x_wconf 78' lang='lat' dir='ltr'>vero</span> <span class='ocrx_word' id='word_1_302' title='bbox 825 3670 956 3723; x_wconf 84' lang='lat' dir='ltr'>capite</span> <span class='ocrx_word' id='word_1_303' title='bbox 979 3670 1175 3711; x_wconf 82' lang='lat' dir='ltr'>exhibere</span> <span class='ocrx_word' id='word_1_304' title='bbox 1193 3670 1400 3711; x_wconf 79' lang='lat' dir='ltr'>voluimus</span> <span class='ocrx_word' id='word_1_305' title='bbox 1418 3670 1591 3722; x_wconf 87' lang='lat' dir='ltr'>ipsamet</span> <span class='ocrx_word' id='word_1_306' title='bbox 1612 3671 1891 3714; x_wconf 86' lang='lat' dir='ltr'>Romanorum</span> <span class='ocrx_word' id='word_1_307' title='bbox 1906 3672 2015 3714; x_wconf 88' lang='lat' dir='ltr'>Pon-</span> 
     </span>
     <span class='ocr_line' id='line_1_37' title="bbox 141 3731 1930 3789; baseline 0.006 -17"><span class='ocrx_word' id='word_1_308' title='bbox 141 3731 295 3774; x_wconf 80' lang='lat' dir='ltr'>tificum</span> <span class='ocrx_word' id='word_1_309' title='bbox 317 3735 454 3783; x_wconf 70' lang='lat' dir='ltr'>verba,</span> <span class='ocrx_word' id='word_1_310' title='bbox 482 3736 600 3788; x_wconf 84' lang='lat' dir='ltr'>queis</span> <span class='ocrx_word' id='word_1_311' title='bbox 616 3736 694 3777; x_wconf 83' lang='lat' dir='ltr'>sibi</span> <span class='ocrx_word' id='word_1_312' title='bbox 709 3736 1012 3788; x_wconf 83' lang='lat' dir='ltr'>jurisdictionis</span> <span class='ocrx_word' id='word_1_313' title='bbox 1028 3737 1259 3789; x_wconf 87' lang='lat' dir='ltr'>primatum</span> <span class='ocrx_word' id='word_1_314' title='bbox 1279 3742 1421 3789; x_wconf 88' lang='lat' dir='ltr'>aperte</span> <span class='ocrx_word' id='word_1_315' title='bbox 1439 3738 1649 3781; x_wconf 72' lang='lat' dir='ltr'>vindicant</span> <span class='ocrx_word' id='word_1_316' title='bbox 1663 3743 1702 3780; x_wconf 89' lang='lat' dir='ltr'>et</span> <span class='ocrx_word' id='word_1_317' title='bbox 1724 3745 1930 3782; x_wconf 15' lang='lat' dir='ltr'>exercent,</span> 
     </span>
    </p>
   </div>
  </div>
 </body>
</html>
