2372 4108
57 1409 72 1431 ὀ

79 2229 129 2279 8⁹

933 231 1058 277 PARS
1088 231 1255 277 PRIMA.
1979 227 2038 275 ⁴9

149 344 356 412 dasset,
404 324 635 396 Romam
697 337 1102 412 proficiscitur;
1168 336 1267 391 ubi
1315 319 1671 408 Evani'gelium
1728 331 2039 408 praedicans

150 439 344 514 viginti
375 438 626 512 quinque
653 437 815 492 annis
859 434 1107 508 ejusdcm
1143 434 1302 489 urbis
1330 433 1634 508 Episcopus
1666 437 1982 507 perseverat
2009 451 2037 484 »

155 538 238 612 (in
263 536 533 593 Chronico
563 535 696 590 anni
728 534 845 589 44).
874 565 945 573 —
976 552 1003 583 ιι
1024 530 1242 586 Primus
1267 531 1406 586 Nero
1429 548 1598 604 super
1623 529 1812 584 omnia
1831 528 2041 584 scelera

154 653 255 690 sua
278 634 446 690 etiam
495 631 941 707 persecutionem
974 627 1033 682 in
1070 627 1407 682 christianos
1448 627 1601 697 facit,
1632 627 1690 681 in
1715 645 1827 699 qua
1848 627 2042 683 Petrus

149 739 206 787 et
230 731 432 786 Paulus
451 729 689 801 gloriose
707 726 892 781 Romae
917 723 1303 779 occubuerunt
1334 744 1360 774 »
1385 722 1466 793 (in
1479 722 1751 777 Chronico
1775 722 2038 796 anni71).

228 827 284 881 6ο
307 826 363 881 S.
396 825 569 880 Julius
598 822 644 878 Ι.
669 855 745 862 -
775 842 802 874 «
824 821 959 875 Nam
982 836 1106 892 quae
1132 817 1451 892 accepimus
1476 835 1514 871 a
1539 818 1695 872 beato
1719 818 1878 873 Petro
1904 819 2042 892 Apo—

151 923 316 994 stolo,
358 939 421 977 ea
466 919 621 975 vobis
673 918 924 991 significo
955 939 981 970 »
1050 915 1301 990 (Epist·.1
1345 914 1413 970 ad
1465 913 1832 982 EusebianOS,
1894 915 2042 987 apud

151 1019 436 1086 Constant,
473 1034 598 1091 pag.
624 1015 754 1086 587,
779 1014 913 1070 edit.
939 1013 1113 1085 Paris,
1151 1013 1341 1074 1721).

228 1118 280 1172 7⁰
303 1116 591 1173 Conci-lium
620 1115 954 1170 Sardicense.
985 1147 1057 1155 —
1090 1112 1284 1168 «Petri
1314 1110 1560 1185 Apostoli
1582 1110 1910 1166 memoriam
1946 1109 2045 1164 ho-

150 1233 435 1285 noremUS,
478 1222 530 1270 et
573 1213 919 1269 scribatur...
968 1211 1114 1266 Julio
1156 1209 1426 1284 Episcopo
1474 1209 1718 1264 Romae»
1769 1207 1922 1280 (Can.
1966 1206 2043 1275 5).

150 1313 267 1367 Non
289 1311 364 1368 ita
391 1313 456 1367 de
487 1313 642 1367 Petro
668 1310 839 1365 locuti
861 1308 1099 1364 fuissent
1129 1308 1316 1363 Patres
1349 1306 1732 1371 Sardiccnses,
1776 1304 1885 1359 nisi
1923 1320 2047 1378 per-

154 1429 384 1465 suasum
420 1409 744 1464 habuissent
765 1409 987 1463 Petrum
1017 1407 1204 1461 Romae
1231 1406 1405 1461 fuisse
1432 1423 1494 1460 ac
1519 1405 1778 1460 Romanae
1798 1401 2049 1457 Ecclesiae

156 1507 460 1580 praefuisse.
1415 1494 1419 1498 ’

233 1603 288 1658 8⁰
318 1604 374 1659 S.
409 1602 690 1674 Gregorius
717 1601 1102 1670 Nazianzenus.
1131 1632 1201 1640 —
1236 1621 1262 1651 «
1287 1599 1475 1654 Romae
1511 1605 1700 1653 autem
1745 1597 1951 1651 Paulus
1996 1606 2050 1652 et

160 1700 349 1754 Petrus
374 1698 662 1752 victoriam
703 1697 1014 1751 obtinentes
1057 1704 1200 1764 Ρώμη
1235 1701 1286 1749 δέ
1325 1701 1513 1759 Παυλες
1553 1700 1632 1749 καὶ
1657 1703 1836 1766 Πέτρος
1864 1700 2049 1765 νικηφό-

158 1817 278 1866 ροι»
333 1793 595 1867 (Iamb.1,
639 1793 704 1846 de
741 1794 998 1863 praesidio
1030 1794 1151 1846 adv.
1202 1792 1427 1858 invidos,
1473 1790 1737 1864 Operum,
1787 1797 1924 1844 tom.
1980 1788 2044 1855 ΙΙ,

158 1910 281 1966 pag.
316 1891 444 1961 1188,
472 1890 605 1946 edit.
633 1889 846 1959 Colon.,
869 1889 1059 1961 1690).

233 1990 289 2044 9⁰
307 1988 363 2044 S.
387 1989 708 2044 Ambrosius.
732 2020 800 2027 —-
820 1986 982 2041 Libro
1015 1985 1080 2040 HI
1103 1987 1167 2040 de
1182 1985 1560 2054 Sacramentis,
1586 1983 1766 2058 capite
1789 2003 1831 2037 1:
1866 1983 2050 2055 Utique

159 2089 269 2159 ipse
305 2095 483 2140 auctor
528 2092 603 2139 est
639 2085 784 2139 nobis
827 2085 980 2153 hujus
1027 2085 1333 2138 assertionis
1376 2082 1567 2137 Petrus
1611 2081 1917 2154 Apostolus,
1965 2082 2051 2152 qui

155 2184 401 2238 sacerdos
432 2183 531 2253 fuit
562 2182 805 2237 Ecclesiae
836 2182 1105 2236 Romanae.
1138 2181 1195 2234 In
1221 2197 1476 2235 sermone
1494 2186 1686 2234 contra
1714 2178 2050 2234 Auxentium

164 2280 278 2352 (qui
311 2280 547 2334 habetur
578 2286 702 2352 post
733 2278 1025 2352 epistolam
1062 2277 1155 2347 20,
1190 2277 1385 2332 classis
1418 2277 1633 2350 primae,
1657 2276 1814 2348 juxta
1858 2275 2052 2331 editio-

160 2395 286 2431 nem
326 2377 524 2447 Migne,
564 2383 718 2431 tomo
759 2376 827 2429 Ill
847 2376 1114 2449 Operum,
1153 2374 1256 2429 col.
1290 2373 1483 2446 1010),
1513 2375 1592 2430 sic
1624 2375 1788 2430 habet
1821 2375 2054 2430 Ambro-

164 2471 280 2525 sius
304 2492 315 2523 ·.
349 2471 490 2524 Idem
508 2471 695 2525 Petrus
721 2479 917 2542 postea,
940 2473 1065 2526 victo
1086 2471 1318 2540 Simone,
1338 2489 1450 2525 cum
1462 2481 1730 2543 praecepta
1750 2472 1842 2526 Dei
1856 2472 2052 2543 populo

162 2569 465 2634 seminaret,
487 2566 694 2619 doceret
714 2568 1094 2637 castimoniam,
1124 2568 1371 2621 excitavit
1396 2569 1599 2622 animos
1618 2568 1906 2636 gentilium.
1931 2566 2053 2632 Qui·

162 2664 253 2718 bus
278 2681 393 2716 eum
413 2662 782 2733 quaerentibus,
803 2661 1092 2714 christianae
1119 2664 1308 2715 animae
1323 2662 1609 2732 deprecatae
1626 2670 1766 2730 suut,
1787 2671 1842 2716 ut
1860 2663 2051 2734 paulis-

160 2762 499 2833 percede1·et.
522 2758 587 2814 Et
605 2762 832 2830 quamvis
850 2766 981 2811 esset
1002 2758 1214 2830 cupidus
1234 2760 1520 2829 passioniS,
1546 2768 1716 2814 tamen
1737 2761 2053 2831 contempla-

163 2861 305 2914 tione
330 2858 506 2931 populi
538 2858 804 2930 precantis
836 2857 1058 2928 instemus
1092 2862 1187 2911 est.
1221 2856 1524 2927 Royabalur
1549 2859 1682 2911 enim
1713 2866 1770 2912 ut
1809 2859 1876 2912 ad
1900 2860 2051 2913 insti-

116 2939 409 3011 ‘tuendum
438 2962 486 3009 et
522 2954 935 3025 confirmandum
970 2955 1218 3027 populum
1246 2973 1302 3008 se
1339 2963 1649 3011 reservaret.
1692 2954 1829 3021 Quid
1859 2956 2052 3010 multa?

162 3050 323 3105 Nocte
355 3069 530 3105 muros
559 3050 736 3121 egredi
764 3051 935 3121 coepit,
957 3057 1005 3103 et
1029 3051 1209 3105 videns
1222 3052 1316 3106 sibi
1345 3054 1399 3106 in
1412 3059 1572 3124 porta
1591 3052 1854 3108 Christum
1882 3070 2055 3108 occur·
2110 3079 2114 3084 ·

165 3163 303 3213 rere,
348 3145 629 3218 Urbemque
671 3146 892 3216 inyredi,
938 3148 1014 3201 ait
1054 3167 1069 3198 .·
1111 3146 1356 3219 Domine,
1402 3167 1499 3220 quo
1540 3149 1728 3204 vadis?
1760 3149 2051 3220 Respondit

167 3239 403 3294 Christus
441 3260 456 3290 .·
486 3241 643 3295 Venio
683 3241 898 3295 Romam
935 3243 1124 3298 iterum
1163 3246 1413 3315 crucifigi.
1464 3245 1726 3300 liitellexit
1761 3244 1946 3297 Petrus
1981 3244 2047 3295 ad

161 3354 308 3389 suam
332 3347 530 3390 crucem
556 3338 787 3391 divinum
815 3341 1083 3410 pertinere
1116 3358 1497 3411 responsum...
1536 3340 1715 3410 ltaque
1745 3346 1925 3409 sponte
1968 3355 2048 3391 re-

162 3434 352 3487 meavit
380 3454 394 3485 :
432 3436 872 3505 interroqautibus
903 3436 1203 3491 christianis
1229 3454 1538 3509 responsum
1563 3435 1811 3500 reddidit,
1845 3437 2049 3490 statim-

157 3547 257 3601 que
283 3540 574 3603 correptus,
604 3550 702 3603 per
738 3550 941 3587 crucem
969 3551 1119 3586 suam
1146 3534 1507 3604 honorificavit
1544 3531 1819 3587 Dominum
1844 3533 2049 3588 Jesum.

157 3625 424 3698 Equidem
465 3634 619 3683 notat
655 3629 855 3698 editor,
891 3629 1069 3701 quoad
1122 3629 1275 3683 illam
1319 3629 1592 3702 phrasim,
1629 3629 1785 3686 Venio
1828 3630 2049 3686 Romam

395 3754 428 3786 1.
1751 3740 1782 3786 ⁴
