2372 4108
355 274 443 321 110
1030 266 1329 314 TRACTATUS
1358 265 1424 312 DE
1454 267 1600 315 PAPA.

353 378 656 436 Tuentium
683 381 736 432 et
766 374 967 429 Ursum
1012 369 1210 427 illicite
1241 370 1534 429 ordinatos
1566 393 1578 426 ε
1626 392 1654 424 «
1676 371 1795 437 Qua
1823 375 1892 433 de
1918 394 1978 434 re
2013 378 2083 435 ad
2114 396 2274 437 sanc-

354 478 575 534 titatem
598 479 844 531 vestram
869 477 924 528 et
955 489 1056 547 per
1091 477 1277 528 totum
1320 472 1539 543 orbem,
1571 470 1922 548 ubicumque
1958 482 2012 534 et
2038 476 2096 532 in
2132 496 2272 552 qua-

352 591 599 645 cumque
639 577 923 627 terrarum
971 587 1146 626 sonus
1197 559 1819 645 catholicaereligionis
1862 572 2021 646 exiit,
2065 575 2276 651 scripta

351 670 685 746 direximuS‚
720 672 926 728 fratres
954 670 1258 743 carissimi,
1292 690 1362 727 ne
1387 671 1690 728 'suentium
1726 678 1780 728 et
1807 672 2012 729 Ursum
2043 673 2101 732 in
2133 693 2279 733 com-

350 771 621 829 munione
653 772 930 843 Ecclesiae,
978 791 1007 829 a
1036 791 1147 846 qua
1192 771 1251 828 in
1287 778 1470 829 totum
1509 772 1855 830 anathemati
1899 781 2055 846 sunt,
2105 776 2278 834 susci-

348 872 584 948 piendos
627 891 751 931 esse
792 872 1062 931 ducatis»
1097 873 1270 949 (apud
1308 873 1596 944 Constant,
1626 874 1881 947 Epistola&
1912 875 2276 934 Romanorum

349 970 695 1045 Pontificum,
739 971 847 1029 col.
887 972 1020 1043 958,
1071 972 1205 1028 edit.
1258 972 1508 1042 Parisiis,
1555 971 1748 1047 1721).
1790 972 1910 1030 Non
1937 973 1997 1029 in
2023 974 2275 1033 Romana

348 1071 674 1144 Provincia,
728 1073 825 1130 sed
872 1072 1008 1130 alibi
1061 1073 1308 1129 ordinati
1367 1073 1594 1130 fuerant
1642 1072 1817 1129 Ursus
1870 1079 1924 1130 et
1969 1074 2266 1132 TuentiuS.

347 1171 679 1230 Pronuntiat
704 1173 993 1230 Romanus
1013 1172 1321 1249 Episcopus
1348 1173 1606 1230 illicitam
1633 1173 1809 1230 fuisse
1828 1174 2271 1247 ordinationem,

348 1277 401 1328 ct
432 1290 532 1347 per
558 1281 724 1330 totum
760 1274 934 1328 orbem
965 1271 1160 1329 scribit
1196 1291 1266 1329 ne
1302 1272 1359 1328 in
1397 1272 1860 1330 communionem
1896 1273 2271 1350 recipiantur.

347 1371 488 1435 Quid
515 1373 619 1428 hoc
645 1371 800 1428 aliud
827 1389 999 1444 quam
1024 1370 1441 1444 jurisdictionis
1468 1371 1781 1446 primatum
1808 1374 2107 1430 exercere?

423 1471 477 1526 5.
526 1472 604 1526 Ad
619 1471 966 1540 Hesicbium,
987 1470 1382 1527 Solonitanum
1411 1470 1754 1546 Episcopum
1778 1472 2096 1530 rescribens
2121 1490 2278 1530 sanc-

347 1574 438 1624 tus
466 1567 720 1624 Zozimus
751 1568 817 1624 de
845 1567 1151 1643 prohibitis
1180 1586 1280 1642 per
1315 1567 1525 1623 saltum
1568 1567 2030 1626 ordinationibus
2057 1590 2067 1625 ε
2105 1591 2131 1622 «
2165 1569 2276 1627 Hoc

348 1675 562 1739 autem,
606 1668 705 1740 ait,
752 1667 1077 1743 specialiter
1110 1676 1164 1725 et
1209 1669 1315 1724 sub
1352 1669 1888 1743 praedecessoribus,
1937 1677 1990 1728 et
2033 1687 2277 1746 nupera

347 1769 508 1826 Nobis
559 1770 900 1825 interdictum
975 1776 1203 1835 consta&
1271 1770 1460 1825 litteris
1522 1770 1591 1824 acl
1645 1769 1849 1826 Gallias
1887 1770 2280 1845 Hispaniasque

348 1869 752 1924 transmissis...
808 1867 963 1923 Unde
1014 1866 1294 1922 miramur
1333 1866 1401 1922 ad
1443 1866 1809 1923 dilectionem
1848 1872 2008 1922 tuam
2057 1874 2272 1925 statuta

346 1967 677 2042 Apostolicae
693 1967 849 2024 Sedis
868 1986 984 2023 non
1000 1967 1176 2024 fuisse
1195 1967 1483 2043 perlata...
1506 1967 1587 2024 Ad
1604 1974 1658 2024 te
1683 1967 2046 2042 potissimum
2061 1967 2271 2042 scripta

346 2067 680 2137 direximUS,
717 2086 842 2141 quae
886 2069 945 2123 in
988 2068 1249 2125 omnium
1283 2068 1525 2124 fratrum
1565 2074 1617 2123 ct
1645 2067 2113 2142 coepiscoporum
2141 2085 2269 2125 nos-

346 2173 563 2224 trorum
601 2168 773 2225 facies
818 2168 902 2224 ire
939 2168 1276 2225 notitiam...
1333 2167 1469 2224 sciet
1503 2166 1766 2241 quisquis
1798 2168 1923 2238 hoc,
1958 2167 2269 2243 postposita

347 2272 575 2340 patrum
620 2273 673 2323 et
702 2267 1034 2343 Apostolicae
1063 2266 1220 2322 Sedis
1248 2266 1608 2337 auctoritate,
1660 2264 1988 2339 neglexerit,
2031 2283 2064 2321 a
2108 2264 2271 2323 Nobis

349 2367 647 2423 districtius
674 2368 1045 2423 vindicandum
1059 2389 1076 2433 ;
1112 2374 1171 2423 ut
1198 2366 1307 2423 loci
1347 2366 1436 2423 sui
1474 2366 1713 2423 minime
1745 2365 1966 2422 dubitet
2005 2364 2115 2421 sihi
2155 2384 2269 2422 non

346 2473 604 2525 constare
634 2468 934 2543 rationem,
969 2468 1015 2524 si
1056 2469 1159 2525 hoc
1204 2475 1391 2543 putat,
1432 2475 1558 2543 post
1590 2474 1670 2524 tot
1708 2466 2118 2543 prohibitiones
2166 2465 2269 2522 im-

347 2584 497 2640 punc
534 2567 789 2623 tentari»
864 2567 1039 2644 (apud
1081 2568 1373 2638 Constant,
1409 2566 1660 2640 Epistola}
1686 2567 2049 2623 Romanorum
2095 2566 2270 2638 ponti-

345 2666 522 2736 ficum,
553 2666 660 2722 col.
682 2666 790 2722 968
815 2672 867 2723 ct
897 2685 1043 2740 scq.,
1063 2665 1197 2723 edit.
1226 2665 1479 2740 Parisiis,
1508 2665 1703 2737 1721).
1728 2664 1826 2720 Ille
1854 2680 1989 2720 sane
2010 2660 2272 2736 jurisdic-

347 2763 517 2819 tionis
574 2766 884 2840 primatum
934 2766 1045 2822 sibi
1098 2767 1391 2838 adscribit,
1454 2766 1553 2840 qui
1614 2767 1766 2840 leges
1827 2763 1997 2821 edicit
2060 2760 2269 2835 quibus

350 2861 599 2917 universi
626 2864 1055 2938 obstringantur
1074 2865 1358 2940 Episcopi,
1389 2866 1604 2939 quique
1632 2861 2151 2939 transgressoribus
2179 2859 2271 2916 de-

349 2957 646 3032 positionis
673 2977 897 3033 poenam
922 2961 1327 3017 comminatur.

427 3060 482 3116 4.
527 3059 873 3117 Auctoritate
910 3059 1229 3135 Apostolica
1278 3060 1541 3135 deposuit
1585 3066 1818 3117 sanctus
1853 3060 2108 3117 Zozimus
2140 3059 2270 3118 Pro-

348 3157 565 3227 culum,
623 3158 1029 3215 Massiliensem
1067 3158 1436 3234 Episcopum3
1484 3178 1548 3215 ac
1595 3159 1770 3215 donec
1816 3159 1875 3214 in
1923 3160 2043 3234 ejus
2082 3159 2269 3216 locum

350 3258 495 3314 alius
523 3256 910 3330 ordinaretur,
937 3259 1194 3316 dioecesis
1223 3259 1588 3316 Massiliensis
1621 3260 2095 3334 gubernationem
2126 3277 2272 3316 com-

351 3359 504 3415 misit
544 3359 1151 3417 Patroclo·Arelatensi
1190 3359 1486 3436 Episcopo.
1532 3360 1688 3425 Quod
1723 3360 1807 3417 sic
1835 3361 2061 3417 intimat
2106 3361 2266 3432 clero,

352 3460 529 3515 ordini
556 3470 603 3517 et
630 3462 770 3534 plebi
797 3463 1105 3518 consistenti
1139 3460 1393 3518 Massiliae
1423 3483 1437 3514 :
1476 3461 1643 3518 «Non
1671 3461 1850 3517 miror
1877 3459 2178 3517 Proculum
2210 3459 2268 3514 in

354 3568 622 3617 consueta
651 3561 835 3618 adhuc
862 3563 1046 3620 fronte
1077 3561 1355 3619 durare...
1404 3562 1540 3619 Cum
1569 3562 1690 3638 ipse
1712 3561 1829 3635 jam
1865 3578 1978 3616 non
2006 3559 2080 3615 sit
2107 3559 2264 3634 Epis-

355 3672 551 3729 copuS,
583 3659 884 3736 Episcopos
918 3661 1123 3719 facit...
1159 3662 1266 3719 Sed
1302 3663 1485 3733 Ιιαὺεο,
1525 3661 1725 3716 fratres
1768 3657 2071 3727 carissimi,
2111 3660 2270 3715 vestri

357 3768 561 3820 curam
592 3757 823 3816 moleste
849 3760 1038 3816 ferens
1057 3759 1334 3833 quidquid
1357 3759 1454 3817 ille
1475 3754 1824 3832 quotidianis
1845 3754 2082 3813 ausibus
2109 3753 2266 3824 facit,
