2320 4010
250 227 339 273 250
923 217 1225 264 TRACTATUS
1254 217 1321 264 DE
1352 217 1498 263 ΡΑΡΑ.

253 331 575 391 declaravit.
605 329 773 383 Porro
820 344 933 382 non
964 331 1232 382 contenta
1264 326 1374 382 fuit
1412 324 1705 382 declarare
1750 344 1883 382 cum
1918 327 2167 386 Duvallio

248 428 532 487 Pontificis
561 425 918 482 definitiones
943 443 1051 482 non
1085 443 1199 482 6336
1230 426 1296 481 de
1323 425 1448 497 fide,
1493 424 1592 481 sed
1623 430 1817 480 contra
1857 425 2169 482 Duvallium

251 535 305 584 et
346 532 579 583 caeteros
615 543 810 582 omnes
833 525 1262 582 infallibilitatis
1293 531 1602 581 assertores
1629 542 1898 599 expresse
1926 524 2201 601 declaraffi

250 625 351 694 vit,
386 625 547 699 Papae
573 623 855 698 judicium
902 641 1008 679 non
1052 642 1166 680 6336
1212 623 1642 696 irreformabile;
1686 622 1837 696 quod
1881 640 2016 679 sane
2049 623 2180 697 plus
2261 601 2266 606 ⁶

251 724 389 781 dicit
420 743 593 798 quam
637 742 744 779 non
773 741 887 780 6336
912 724 976 779 (16
1004 726 1128 797 side.
1157 723 1377 779 Scilicet
1406 722 1688 778 Bossuetii
1720 721 2079 778 ratiocinatio
2113 740 2180 778 ex

254 823 540 879 concessis
567 841 598 878 a
623 821 895 893 Duvallio‚
916 821 1346 897 apertissimum
1370 820 1659 895 sophisma
1683 825 1789 876 est.
1813 820 1874 875 Et
1892 824 2051 876 notet
2070 819 2183 874 lec·
2266 877 2273 885 ,

254 928 343 977 tor
382 921 665 994 quomodo
701 921 994 995 sophisma
1038 920 1178 976 illud
1205 918 1375 975 caute
1395 918 1729 975 obvolvatur
1756 918 1860 973 hac
1891 917 2172 991 aequivoca

254 1021 565 1090 locutione,
606 1021 823 1098 plenum
865 1021 992 1092 fidei
1025 1021 1186 1075 robur
1220 1041 1235 1071 .·
1273 1040 1299 1071 «
1345 1017 1488 1091 Ergo
1536 1027 1595 1073 ut
1631 1019 1844 1073 decreta
1890 1018 2182 1088 Pontificio·

254 1120 467 1192 plenum
490 1120 614 1191 fidei
643 1120 805 1174 robur
827 1119 1117 1175 obtineant
1141 1118 1208 1174 ad
1238 1135 1578 1174 consensum
1607 1116 1866 1172 Ecclesiae
1885 1132 2181 1172 recurren-

256 1215 431 1271 dum:
457 1215 615 1279 Quod
642 1234 823 1271 unum
861 1216 1166 1272 declaratio
1197 1215 1481 1271 Gallicana
1512 1215 1714 1271 voluit.
1752 1237 1779 1267 »
1814 1214 1869 1269 Si
1904 1214 2181 1286 intelligat

256 1312 609 1379 BossuetiUS‚
639 1321 698 1367 ut
721 1314 932 1368 decreta
974 1314 1069 1368 illa
1095 1316 1201 1368 sint
1229 1313 1293 1367 de
1333 1313 1437 1383 sicle
1470 1317 1522 1366 et
1554 1317 1822 1383 negantes
1856 1311 2054 1365 haberi
2089 1311 2186 1366 de·
2262 1326 2264 1328 ·

259 1411 428 1466 beant
456 1429 556 1485 pro
587 1410 884 1479 haereticis,
920 1411 976 1466 id
1005 1410 1261 1466 concedit
1305 1408 1595 1465 Duvallius
1622 1433 1631 1475 3
1678 1407 1773 1464 sed
1803 1414 1941 1463 tunc
1977 1407 2184 1463 falsum

262 1515 348 1565 est
375 1510 429 1564 id
455 1527 615 1564 imum
640 1509 889 1565 voluisse
917 1508 1322 1565 declarationis
1349 1507 1647 1563 Gallicanae
1683 1512 1967 1576 auctoreS,
2000 1505 2047 1561 si
2068 1505 2189 1579 qui-

262 1607 388 1662 dem
415 1607 570 1663 aliud
597 1608 759 1664 valde
791 1608 1075 1664 diversum
1104 1626 1374 1683 expresse
1412 1607 1798 1677 declararunt,
1845 1605 1902 1661 id
1930 1610 2011 1660 est
2041 1604 2190 1678 judi-

264 1706 423 1763 cium
443 1707 601 1781 Papae
626 1726 730 1762 non
751 1727 864 1762 6336
893 1709 1305 1781 irreformabile.
1344 1706 1397 1761 Si
1426 1725 1556 1763 vero
1583 1706 1888 1779 intelligat,
1908 1713 1965 1761 ut
1984 1706 2194 1760 decreta

263 1807 371 1861 ista
430 1814 570 1861 certo
613 1824 739 1860 vera
772 1809 874 1861 sint
906 1813 960 1862 et
994 1824 1093 1880 pro
1126 1806 1278 1861 veris
1311 1805 1579 1876 tenenda,
1608 1812 1659 1860 et
1694 1804 1926 1860 omnino
1970 1804 2195 1860 irrefor-

265 1903 524 1971 mabilia‚
575 1903 780 1958 falsum
809 1910 893 1959 est
935 1904 1354 1960 recurrendum
1395 1920 1519 1959 6336
1549 1903 1618 1958 ad
1662 1902 1923 1958 Ecclesiae
1954 1919 2190 1958 consen-

266 2018 394 2056 sum
422 2023 431 2054 :
456 2002 780 2057 robu‘renim
809 2003 960 2058 istud
989 2004 1159 2078 plane
1183 2004 1398 2059 habent
1422 2022 1485 2059 ex
1512 2003 1630 2058 sola
1657 2003 1815 2075 Papae
1843 2002 2187 2057 definitione.

265 2099 360 2155 Est
382 2105 572 2155 autem
596 2100 804 2157 citatus
827 2100 1164 2174 Defensionis
1191 2101 1334 2156 liber
1359 2099 1637 2174 ejusmodi
1658 2099 2188 2172 aequivocationum,

267 2199 683 2272 sophismatum
715 2208 768 2256 et
806 2201 1083 2256 salsarum
1129 2201 1514 2256 assertionum
1545 2200 1683 2256 adeo
1737 2199 1909 2255 densa
1938 2198 2108 2273 sylva,
2130 2206 2191 2254 ut

267 2297 494 2352 nonnisi
531 2298 727 2354 multis
782 2299 1174 2355 voluminibus
1213 2298 1270 2352 in
1320 2298 1450 2354 folio
1511 2316 1642 2354 eum
1700 2299 1863 2373 plene
1917 2295 2194 2354 confutari

266 2412 431 2469 posse
468 2396 810 2453 existimem.
853 2397 971 2453 Sint
1015 2398 1129 2453 11166
1166 2416 1347 2472 pauca
1379 2397 1441 2452 in
1471 2396 1758 2472 specimen
1798 2415 1898 2471 per
1941 2402 2198 2451 transen-

271 2509 405 2547 nam
439 2495 613 2551 dicta.

348 2592 488 2649 Nota
509 2595 573 2650 cle
596 2596 806 2651 domino
844 2596 1146 2669 Emery.—-
1166 2595 1286 2652 Non
1313 2613 1438 2652 6336
1469 2595 1638 2650 aliam
1669 2599 1880 2650 certam
1921 2592 2199 2649 delinitio-

271 2690 361 2745 nis
394 2710 458 2746 eoe
487 2695 744 2749 cathedra
772 2700 963 2750 notam
1004 2713 1178 2768 quam
1213 2695 1477 2751 Ecclesiae
1506 2713 1877 2764 consensum,
1910 2700 2036 2768 post
2071 2693 2200 2748 Bos-

275 2788 524 2842 suetium
553 2797 606 2845 et
630 2810 696 2846 ex
727 2792 1007 2848 Bossuetii
1036 2793 1379 2849 auctoritate
1412 2793 1788 2868 propugnavit
1834 2791 2218 2866 Sulpicianus.

275 2883 478 2958 Emery
509 2929 521 2953 ,
549 2886 606 2940 in
637 2887 782 2943 libro
817 2889 1086 2963 inscripto
1115 2890 1412 2947 Noitveauoe
1440 2891 1726 2963 Opuscules
1766 2892 1831 2945 cle
1850 2889 1895 2944 F
1898 2889 2066 2961 lew-y.
2100 2888 2200 2943 Ubi

276 2983 447 3039 etiam
475 2985 817 3057 persuadere
845 2992 1084 3043 conatus
1120 2994 1226 3057 est,
1254 3007 1385 3043 cum
1422 2987 1680 3043 doctrina
1713 2986 2018 3042 Pontificiae
2043 2986 2202 3042 infal-

275 3079 557 3137 libilitatis
580 3100 943 3156 nequaquam
970 3103 1224 3158 pugnare
1248 3091 1516 3158 quartum
1533 3085 1839 3142 articulum
1873 3085 2202 3141 declaratio-
2226 3125 2229 3126 ν

209 3195 211 3197 ’
276 3179 366 3236 1113
394 3181 525 3236 anni
556 3181 724 3238 1682.
769 3183 878 3239 Nec
903 3189 1128 3240 tantum
1162 3185 1312 3241 serio
1342 3187 1459 3240 baec
1492 3185 1745 3241 obtrudit
1786 3185 2052 3260 praefatus
2083 3185 2229 3240 Sul-⁷

278 3279 559 3353 picianus‚
590 3281 689 3336 sed
723 3299 854 3337 cum
880 3301 943 3338 eo
979 3283 1206 3339 candidi
1236 3289 1289 3339 et
1312 3284 1467 3358 pacis
1504 3283 1882 3340 amantissimi
1906 3283 2011 3339 viri
2034 3283 2192 3356 stylo,

200 3447 205 3452 p
279 3396 387 3452 quo
411 3399 524 3437 non
555 3400 764 3456 paucos
792 3382 851 3437 in
877 3382 1070 3438 Galliis
1102 3382 1337 3439 clericos
1361 3384 1625 3458 deceptos
1651 3383 1822 3439 fuisse
1853 3381 2195 3438 existimem.

276 3477 739 3536 Periculosiorem
791 3481 1120 3556 junioribus
1166 3481 1549 3537 Gallicanismi
1605 3479 2010 3547 defensionem,
2074 3495 2198 3533 meo
2224 3518 2227 3519 ν

282 3578 513 3646 quidem
554 3579 793 3653 judiciO,
838 3580 927 3636 vix
980 3580 1232 3655 reperire
1277 3586 1382 3649 est,
1423 3597 1592 3652 quam
1628 3576 1779 3632 istud
1818 3576 2192 3650 opusculum;

283 3676 453 3746 quod,
482 3697 614 3734 cum
651 3679 826 3735 alium
877 3697 1112 3753 scopum
1139 3697 1254 3753 prae
1295 3696 1354 3733 se
1391 3677 1552 3745 ferat,
1583 3692 1682 3748 per
1719 3673 2043 3747 interjectas
2084 3675 2195 3730 huc
