2320 4010
2255 43 2320 71 ’τι

253 100 344 181 454
931 130 1332 182 'moruus-‘na
1359 130 1508 180 mei.
2246 88 2312 231 ἐ

327 238 721 296 Innocentium
761 237 971 315 Papam
1018 238 1101 297 sic
1141 238 1457 314 alloquitur
1485 260 1497 294 ε
1528 259 1557 292 «ι
1589 239 1666 297 Ex
1694 239 1989 318 privilegio
2025 244 2184 305 Sedis
2245 233 2284 320 l}

254 360 282 393 «
313 337 632 414 apostolicae
677 343 924 412 constat,
980 358 1269 398 summam
1316 357 1511 397 rerum
1558 340 1628 398 ad
1674 347 1920 399 vestram
1958 343 2186 420 potissi·
2250 357 2254 371 ²

2237 349 2251 389 i

255 456 472 508 «mum
518 438 804 515 respicere
846 458 1136 497 summam
1189 440 1587 498 auctoritatem
1640 446 1702 505 et⁴
1739 441 2058 518 plenariam
2090 463 2187 520 po·
2223 395 2263 551 Ξ

247 637 476 713 Migne).
2318 618 2320 635 Ι

324 741 386 796 In
406 739 644 815 epistola
673 741 741 798 ad
773 742 1169 800 Innocentium
1206 742 1271 814 II,
1302 741 1361 798 in
1404 759 1516 818 qua
1542 759 1766 799 errores
1791 741 2069 800 Abaelardi
2099 763 2187 802 ex·-
2227 791 2231 796 .

247 847 565 914 ponuntur,
594 847 647 898 et
690 860 818 916 quae
866 842 1018 899 inter
1047 848 1326 900 tractatus
1375 842 1554 899 sancti
1593 841 1869 899 Bernardi
1914 841 2066 899 edita
2105 850 2188 902 est

247 939 328 1009 <in
361 939 612 998 editione
658 941 862 1016 Migne,
887 949 1040 1000 tomo
1080 943 1099 996 Ι
1129 943 1377 1017 Operum
1414 942 1467 998 S.
1498 942 1794 1013 Bernardi,
1825 941 1935 998 col.
1967 942 2138 1017 1054)
2169 963 2181 997 :
2232 958 2246 965 ³
2282 978 2285 979 ν

252 1061 279 1093 «
315 1039 545 1116 Oportet
569 1040 639 1097 ad
658 1047 914 1098 vestrum
945 1042 1144 1099 referri
1172 1042 1557 1116 apostolatum
1584 1040 1835 1116 pericula
1857 1059 2097 1116 quaeque
2122 1060 2187 1100 ac
2233 1079 2253 1120 5

253 1161 280 1190 «
315 1140 579 1196 scandala
604 1141 950 1214 emergentia
978 1142 1035 1196 in
1061 1160 1234 1214 regno
1258 1142 1374 1212 Dei,
1400 1161 1463 1198 ea
1490 1142 1807 1216 praesertim
1835 1161 1961 1216 quae
1984 1143 2052 1199 de
2079 1143 2186 1200 fide
2231 1134 2256 1195 ἶ.

254 1259 280 1290 «
315 1238 676 1312 contingunt.
709 1239 949 1313 Dignum
980 1257 1232 1313 namque
1254 1227 1598 1295 arbitroribi
1618 1240 1986 1314 potissimum
2006 1261 2188 1300 resar-

252 1356 278 1388 «
310 1336 413 1392 ciri
439 1337 645 1393 damna
678 1337 832 1409 fidei,
878 1338 965 1393 ubi
1018 1356 1121 1394 non
1140 1339 1309 1412 possit
1339 1337 1471 1410 fides
1498 1338 1706 1394 seruire
1751 1339 2035 1412 desectum.
2066 1341 2189 1398 Haec

255 1458 281 1488 «
311 1436 522 1512 quippe
546 1436 719 1511 hujus
757 1436 1128 1512 praerogativa
1161 1436 1341 1493 Sedis.
1379 1436 1476 1492 Cui
1516 1437 1671 1493 enim
1692 1436 1851 1494 alteri
1876 1440 2185 1514 aliquando

253 1559 280 1590 «
317 1537 533 1595 dietum
565 1544 649 1595 est
686 1560 696 1594 :
728 1540 838 1612 Eyo
872 1541 1055 1614 royavi
1109 1558 1205 1612 pro
1239 1546 1310 1609 te,
1340 1538 1520 1607 Petre,
1568 1546 1755 1594 utnon
1799 1539 2008 1611 deficiat
2049 1543 2183 1614 sides

254 1662 281 1693 «
315 1641 443 1696 tua?
472 1640 613 1714 Ergo
641 1640 791 1713 quod
825 1640 1091 1714 sequitur
1125 1659 1154 1695 a
1181 1639 1327 1696 Petri
1357 1657 1687 1696 successore
1715 1638 1961 1712 exigitur
1991 1659 2003 1692 ε
2032 1641 2097 1696 Et
2125 1650 2180 1698 tu

254 1760 282 1792 «
322 1740 608 1812 aliqnando
639 1759 922 1796 conversus
954 1742 1210 1812 confirma
1239 1742 1442 1812 lia-tres
1479 1747 1615 1795 tu03.
1672 1738 1729 1794 Id
1751 1737 1983 1811 quidem
2016 1739 2180 1796 modo

256 1861 284 1894 «
316 1840 729 1896 necessarium.
785 1840 1028 1916 Tempus
1087 1846 1171 1896 est
1220 1846 1283 1895 ut
1331 1845 1583 1896 vestrum
1633 1837 1975 1911 agnoscatiS,
2030 1837 2180 1895 Pater

258 1962 285 1993 «
317 1940 735 2011 amantissime,
770 1940 1155 2016 principatum
1184 1985 1197 2011 ,
1244 1939 1495 2016 probetis
1540 1939 1746 2009 zelum,
1800 1937 2191 1994 ministerium*

255 2064 281 2094 «
318 2040 722 2098 hon01²etiS:ln
756 2059 821 2097 eo
853 2041 1019 2115 plane
1058 2041 1204 2097 Petri
1256 2040 1507 2116 impletis
1548 2039 1751 2110 vicem,
1784 2040 1949 2109 cujus
1977 2036 2178 2095 tenetis

258 2163 284 2194 «
323 2148 377 2197 et
417 2141 634 2213 sedem,
678 2141 724 2197 si
759 2147 943 2197 vestra
979 2140 1371 2198 admonitione
1401 2139 1569 2196 corda
1611 2139 1670 2194 in
1710 2139 1818 2195 fide
1848 2136 2202 2194 fluctuantia-

255 2262 281 2291 «
316 2239 693 2309 confirmatis,
741 2239 787 2296 si
840 2246 1025 2296 vestra
1084 2241 1424 2297 auctoritate
1473 2238 1766 2296 conteritis
1795 2239 1924 2296 fidei
1953 2256 2180 2314 corrup-

257 2362 284 2393 «
312 2345 490 2397 tores.
530 2362 556 2393 »

326 2442 440 2498 Sub
469 2440 640 2497 finem
670 2439 927 2515 ejusdem
980 2441 1235 2517 epistolae
1280 2442 1358 2498 ita
1401 2441 1775 2516 subjungitur
1803 2463 1813 2495 ε
1846 2465 1871 2494 «
1906 2440 2043 2498 Cum
2075 2457 2184 2497 non
2240 2440 2243 2445 ’

255 2563 283 2595 «
325 2541 482 2598 aliud
517 2548 662 2598 esset
706 2540 858 2614 quod
891 2559 1115 2614 agerem
1151 2560 1251 2616 pro
1280 2541 1491 2616 injuria
1528 2541 1658 2598 fidei
1698 2560 1870 2615 quam
1904 2540 2183 2611 dolebam,

257 2662 282 2692 a
324 2660 503 2714 operte
534 2641 675 2696 mihi
705 2640 954 2716 pretium
998 2641 1266 2713 arbitror,
1297 2641 1342 2697 si
1387 2641 1550 2698 illum
1583 2641 1804 2712 monui,
1835 2642 1999 2714 cujus
2031 2657 2188 2696 arma
2259 2667 2265 2725 .'

250 558 280 592 α
316 543 580 596 testatem
614 560 641 592 »
699 539 957 615 (epistola
1000 559 1213 612 cxcvm,
1259 547 1420 598 ‘tomo
1457 539 1512 611 1,
1551 534 1670 597 col.
1730 541 1871 614 566,
1921 541 2184 615 editionis
2207 553 2272 827 t

2275 858 2280 865 ι

256 2762 283 2791 «
315 2741 568 2814 potentia
591 2762 614 2795 a
637 2740 748 2797 Deo
778 2743 846 2798 ad
864 2742 1309 2799 destructionem
1338 2742 1393 2798 in
1412 2741 1765 2798 contrarium
1782 2740 2184 2811 asserentium,
2260 2739 2263 2742 ’

256 2860 283 2891 «
323 2838 393 2894 ad
419 2839 825 2903 destruendam
855 2860 1083 2898 omnem
1118 2842 1483 2898 altitudinem
1513 2859 1572 2897 se
1599 2840 1963 2897 extollentem
1994 2840 2187 2897 adver-

258 2961 285 2991 «
318 2957 414 2995 sus
455 2939 754 2996 scientiam
791 2940 906 3011 Dei,
944 2947 995 2996 et
1029 2941 1089 2996 in
1135 2941 1522 3016 captivitatem
1551 2939 1930 3014 redigendum
1963 2955 2185 2997 omnem
2259 2955 2263 2961 “

257 3063 284 3093 α
315 3040 668 3098 intellectum
712 3041 783 3097 ad
829 3041 1172 3115 obsequium
1219 3041 1490 3098 Christi»
1528 3042 1715 3115 (citato
1743 3047 1898 3098 tomo
1923 3037 2186 3098 editionis
2247 2966 2264 3133 ⁴

253 3140 458 3214 Migne,
499 3141 608 3197 col.
647 3141 839 3213 1072).
1762 3153 1770 3161 ·
2191 3167 2195 3170 ’
2252 3142 2258 3184 ⁸

330 3241 439 3306 Qui
485 3242 603 3298 baec
639 3241 856 3316 legerit,
892 3248 1156 3299 sanctum
1191 3242 1542 3299 Bernardum
1588 3242 1659 3301 iis
1691 3241 2182 3300 annumerandum
2239 3227 2255 3324 i}

254 3343 453 3418 procul
473 3342 646 3399 dubio
673 3342 946 3411 censebit,
971 3343 1180 3418 quibus
1209 3351 1362 3402 certa
1398 3363 1632 3420 prorsus
1654 3344 1760 3401 fuit
1787 3343 2024 3401 Romani
2051 3343 2182 3398 Pon·
2238 3325 2252 3467 ¹1
2304 3363 2320 3411 ς

255 3443 420 3501 tificis
456 3443 514 3499 in
543 3431 901 3500 decernenda
933 3442 1042 3499 fide
1071 3444 1475 3502 infallibilitas.
1514 3445 1584 3501 De
1623 3463 1736 3519 quo
1757 3443 1909 3502 enim
1934 3458 2180 3518 pronun·
2235 3465 2238 3494 ι

252 3543 354 3600 tiat
380 3542 727 3614 BernardUS,
757 3544 870 3616 ejus
895 3544 1055 3615 fidem
1086 3563 1193 3601 non
1215 3563 1374 3620 posse
1412 3545 1608 3601 sentire
1631 3544 1898 3616 defectum
1921 3543 1944 3596 ἲ
1986 3542 2062 3598 De
2087 3539 2180 3596 illo

255 3642 374 3715 ipso
412 3645 483 3701 ad
526 3663 697 3721 quem
746 3644 1030 3716 recurrit‚.
1053 3643 1111 3700 id
1140 3653 1247 3719 est,
1288 3646 1544 3703 Romano
1588 3642 1869 3700 Pontifice.
1917 3642 1980 3698 Et
2029 3639 2182 3702 notet
