2372 4108
335 235 422 312 122
1012 252 1309 301 TRACTATUS
1337 252 1404 299 DE
1435 253 1585 312 PAPA.
1607 303 1616 320 ,

335 388 450 427 non
498 370 683 427 solum
724 360 1056 439 apostolica,
1105 359 1204 416 sed
1243 360 1416 417 etiam
1457 361 1790 438 episcopalis
1832 363 2147 422 beatissimi
2172 365 2256 421 di-

333 471 518 543 gnitas
551 465 719 535 Petri,
754 461 853 535 qui
902 460 1020 518 sedi
1062 479 1179 518 suae
1217 480 1458 537 praeesse
1491 480 1605 519 non
1635 462 1894 521 desinit»
1946 465 2140 538 (serm.
2169 465 2253 536 IV,

333 584 454 640 cap.
483 583 555 631 ιν,
589 562 648 616 in
680 559 1068 617 anniversario
1095 559 1471 618 ordinationis
1497 562 1659 635 suae).

407 662 631 719 SANCTUS
659 660 923 731 Gabis-itm,
971 660 1068 735 qui
1096 667 1319 719 creatus
1340 668 1423 720 est
1445 662 1720 735 Pontifex,
1747 680 1895 719 anno
1923 662 2055 721 492.

409 764 463 820 1.
512 762 573 818 In
606 762 842 838 epistola
881 761 966 834 lv,
1010 781 1109 819 seu
1157 762 1573 821 Commonitorio
1616 765 1687 819 ad
1724 762 2008 820 Faustam.-
2038 761 2259 819 «Nobis

328 869 623 940 opponunt
646 881 916 933 canones,
941 862 1076 919 dum
1095 863 1358 920 nesciunt
1383 863 1519 936 quid
1537 863 1871 937 loquantur.
1894 863 2091 920 Contra
2115 881 2254 937 quos

330 963 436 1018 hoc
467 962 590 1038 ipso
613 961 806 1017 venire
830 980 888 1018 se
920 961 1188 1036 produnt,
1225 963 1375 1036 quod
1404 962 1604 1037 primae
1641 961 1783 1032 sedi,
1812 979 1949 1018 sana
1983 966 2252 1034 rectaque

327 1059 613 1130 suadenti,
657 1077 856 1135 parere
892 1057 1203 1131 refugiunt.
1248 1058 1359 1134 Ipsi
1406 1064 1541 1115 sunt
1583 1076 1846 1129 canoneS,
1888 1057 1985 1131 qui
2023 1058 2256 1133 appella-

314 1164 500 1218 ·tz'ones
538 1163 699 1218 totius·
740 1160 984 1218 Ecclesiae
1015 1161 1085 1216 acl
1129 1161 1278 1234 hujus
1319 1162 1464 1217 sedis
1506 1178 1731 1216 examen
1767 1160 1978 1216 volucre
2020 1158 2254 1231 deferri;

329 1261 392 1315 ab
425 1262 542 1335 ipsa
572 1278 693 1316 vcro
731 1277 986 1332 nusquam
1023 1277 1248 1332 prorsas
1292 1259 1555 1332 appella-ri
1593 1260 1782 1315 debere
1809 1267 2103 1314 sanoeerunt
2137 1279 2152 1311 .·
2190 1276 2254 1313 ac

326 1378 426 1435 per
445 1361 551 1417 hoc
577 1361 726 1417 illam
754 1361 818 1415 dc
850 1365 961 1415 tota
1007 1358 1243 1415 Ecclesia
1274 1360 1544 1432 judicare,
1593 1362 1766 1432 ipsam
1802 1359 1871 1415 acl
1894 1358 2091 1415 nullius
2120 1360 2255 1415 coin-

323 1479 502 1518 mearc
538 1462 822 1533 judicium.
875 1458 984 1515 Nec
1032 1459 1100 1516 de
1134 1460 1255 1533 eju's
1308 1478 1563 1532 unquam
1613 1466 2003 1534 praeceperunt
2033 1459 2254 1533 judicio

318 1558 587 1632 judicari,
621 1557 1079 1630 sententiamque
1101 1557 1254 1613 illius
1282 1557 1703 1614 constituerunt
1725 1576 1837 1613 non
1860 1564 2122 1633 oportere
2139 1558 2253 1615 dis-

324 1659 485 1730 solvi,
515 1660 677 1734 cujus
702 1658 891 1734 potius
929 1658 1154 1715 decreta
1187 1657 1471 1731 sequenda
1503 1657 1868 1715 mandarunt.
1911 1659 1970 1714 ln
2002 1661 2106 1714 hac
2133 1658 2253 1734 ipsa

324 1776 492 1813 eausa
516 1757 839 1813 Timotheus
861 1754 1295 1823 Alexandrinus,
1322 1761 1373 1809 et
1391 1755 1587 1810 Petrus
1607 1755 2010 1826 Antiochenus,
2031 1757 2250 1827 PetruS,

322 1858 548 1929 PauluS,
575 1857 839 1924 Joannes,
873 1860 926 1910 et
954 1854 1164 1922 caeteri,
1208 1871 1321 1909 non
1364 1853 1552 1909 solum
1585 1872 1733 1910 unus
1781 1855 1878 1910 sed
1919 1856 2111 1930 plures
2144 1857 2253 1913 uti-

326 1975 436 2030 que
465 1974 671 2012 nomen
702 1953 999 2011 sacerdotii
1035 1953 1417 2028 praeferenteS,
1444 1953 1561 2009 sola
1595 1954 1751 2010 Sedis
1785 1954 2100 2028 Apostolicae
2129 1968 2255 2015 sunt

325 2058 646 2113 auctoritate
672 2055 888 2126 dcjecti;
914 2053 1077 2128 cujus
1098 2052 1179 2109 rei
1207 2053 1367 2109 testis
1395 2052 1562 2109 etiam
1589 2053 1708 2127 ipse
1731 2052 1967 2109 docetur
1990 2054 2249 2126 AcaciUS,

324 2157 423 2230 qui
476 2156 848 2231 praeceptionis
908 2154 1057 2226 hujus
1092 2154 1296 2209 eoestitit
1352 2161 1679 2209 caecator...
1734 2151 1907 2208 Nobis
1950 2153 2073 2210 ausi
2122 2161 2252 2212 sunt

323 2255 508 2311 facere
526 2271 807 2309 canonum
830 2251 1200 2322 mentionem,
1223 2256 1417 2307 contra
1443 2269 1583 2323 quos
1605 2268 1829 2326 semper
1844 2251 2254 2309 ambitionibus

322 2351 540 2409 illicitis
576 2351 778 2408 fecisse
810 2355 1277 2406 monstrantur...
1325 2348 1582 2405 Viderint
1624 2367 1755 2422 ergo
1793 2348 1839 2406 si
1877 2348 2016 2406 alios
2045 2350 2252 2407 habent

323 2468 569 2507 canones
593 2450 802 2523 quibus
824 2467 953 2505 suas
990 2447 1232 2523 ineptias
1268 2453 1695 2522 exequantur...
1729 2447 1925 2511 Quaero
1958 2431 2149 2504 tamen
2185 2449 2253 2505 ab

323 2551 432 2623 his,
471 2550 754 2626 judicium
801 2549 951 2624 quod
994 2548 1372 2625 praetendunt,
1402 2548 1639 2605 ubinam
1683 2548 1861 2625 possit
1899 2548 2134 2623 agitari:
2181 2568 2250 2605 an

323 2653 471 2729 apud
500 2653 673 2729 ipsos,
699 2658 762 2708 ut
790 2651 961 2707 iidem
987 2650 1102 2706 sint
1123 2648 1341 2705 inimici
1370 2655 1423 2705 et
1451 2655 1620 2706 testes
1649 2655 1701 2706 et
1723 2649 1986 2723 judices?
2021 2647 2122 2704 Sed
2149 2647 2247 2704 tali

315 2751 530 2823 judicio
565 2769 667 2807 nec
692 2751 941 2807 humana
975 2749 1181 2806 debent
1209 2747 1492 2804 committi
1522 2747 1768 2822 negotia,
1804 2746 2014 2804 nedum
2047 2744 2247 2809 divinae

322 2848 795 2922 legisintegritaS.
829 2848 886 2904 Si
925 2854 1203 2921 quantum
1245 2847 1314 2903 ad
1349 2846 1688 2920 religionem
1726 2846 1992 2922 pertinet,
2035 2846 2250 2901 nomast

321 2947 639 3024 Apostolicae
660 2948 808 3018 Secli,
834 2948 995 3021 juxta
1018 2965 1283 3015 canones,
1311 2947 1526 3002 debetur
1553 2965 1756 3001 samma
1778 2947 1965 3017 judicii
1987 2947 2143 3000 totius
2160 2965 2178 3007 ;
2201 2943 2249 2998 si

323 3054 605 3121 quantum
624 3047 692 3103 ad
717 3046 907 3103 saeculi
924 3051 1283 3121 potestatem,
1309 3044 1405 3100 illa
1427 3062 1457 3100 a
1478 3043 1867 3119 pontificibuS,
1890 3049 1943 3099 et
1964 3042 2248 3118 praecipue

322 3167 351 3204 a
380 3149 529 3205 beati
554 3148 703 3205 Petri
726 3146 969 3218 Vicario,
1008 3145 1168 3202 debet
1195 3162 1536 3219 cognoscere
1563 3162 1687 3217 quae
1723 3143 1910 3200 divina
1934 3149 2091 3214 sunt,
2133 3161 2247 3199 non

322 3246 443 3322 ipsa
464 3246 657 3304 eadem
690 3243 1021 3320 dijudicare.
1050 3244 1160 3300 Nec
1192 3242 1302 3298 sibi
1328 3243 1434 3298 hoc
1471 3241 1778 3316 quisquam
1817 3240 2246 3316 potentissimus

321 3344 510 3401 saeculi
549 3345 671 3420 (qui
710 3350 902 3401 tamen
926 3341 1272 3399 christianus
1311 3340 1417 3413 est)
1461 3340 1751 3397 vindicare
1785 3338 2098 3415 praesumit,
2138 3338 2246 3394 nisi

322 3442 653 3517 religionem
674 3441 910 3499 forsitan
928 3459 1295 3517 persequens,
1309 3482 1345 3496 ..
1366 3437 1916 3515 Resipiscantpotius
1936 3435 2245 3509 cogitantes

324 3540 526 3600 Christi
572 3561 765 3600 vocem
814 3561 928 3598 non
969 3559 1089 3599 esse
1128 3540 1508 3617 superfluam,
1551 3558 1677 3614 quae
1715 3535 2052 3595 confessioni
2094 3535 2244 3592 beati

323 3638 467 3697 Petri
488 3643 732 3719 Apostoli
765 3644 976 3702 inferni
998 3649 1189 3721 portas
1218 3660 1517 3717 nunquam
1562 3638 1949 3717 praevalituras
1977 3635 2237 3693 asseruit.

325 3737 670 3817 Quapropter
716 3763 826 3802 non
875 3762 1120 3803 veremur
1160 3761 1229 3800 ne
1277 3741 1573 3816 apostolica
1618 3737 1889 3795 sententia
1943 3736 2243 3793 resolvatur
