2320 4010
899 183 1024 230 PARS
1053 182 1294 229 SECUNDA.
1949 178 2036 225 529

162 292 427 349 Romanus
459 290 727 363 Pontifex.
760 285 926 346 Porro
960 289 1058 362 qui
1084 295 1263 345 tutam
1289 287 1571 344 existimat
1594 285 1735 341 hanc
1757 285 2032 358 regulam,

161 389 263 445 hoc
311 388 429 461 ipso
471 405 568 462 pro
617 393 766 443 certa
811 388 974 443 habet
1024 386 1258 442 Romani
1291 384 1567 441 Pontiticis
1603 383 1661 439 in
1693 382 2037 439 decernenda

162 483 268 539 fide
305 483 687 539 inerrantiam.
728 481 783 537 Si
823 482 972 538 enim
1004 481 1256 537 haeresim
1282 480 1477 537 docere
1510 485 1690 554 posset
1714 480 1878 553 Papa,
1905 496 2031 554 per-

164 598 350 655 peram
374 597 476 654 pro
500 577 769 635 catholico
795 577 1098 634 haberetur
1121 578 1215 650 qui
1238 578 1288 633 ei
1311 577 1368 631 in
1394 576 1495 631 fide
1515 581 1822 631 consonat.·

237 675 291 730 4⁰
319 674 377 728 ln
402 673 638 746 epistola
660 671 729 726 ad
742 671 1107 745 Theophilum
1126 671 1562 727 Alexandrinum
1585 671 1920 745 Episcopum
1947 669 2037 733 (58

154 767 211 822 in
235 766 475 822 editione
511 765 1022 834 Benedictinorum‚
1050 765 1186 819 tomi
1212 765 1402 836 quarti
1447 770 1605 838 parte
1630 753 1895 836 secunda,
1920 766 2028 841 col.

153 860 283 931 597)
312 880 323 912 :
358 882 383 911 «
413 860 566 923 Quod
597 860 664 915 de
688 859 996 916 canonibus
1025 858 1416 914 ecclesiasticis
1449 876 1663 925 moneS‚
1691 859 1906 929 gratias
1924 860 2036 930 agi·

155 977 183 1008 «
205 973 348 1011 mus,
365 954 513 1011 ..Sed
528 962 713 1010 tamen
726 955 864 1011 scito
880 955 1041 1010 nobis
1054 954 1329 1009 nihilesse
1342 953 1634 1024 antiquius
1649 971 1819 1024 quam
1837 953 2036 1009 Christi

157 1050 326 1124 «jura
366 1068 603 1121 servare,
634 1069 735 1106 nec
768 1052 991 1106 Patrum
1035 1049 1336 1104 transferre
1373 1048 1665 1118 termium,
1705 1066 2037 1122 semperque

157 1170 185 1200 α
211 1148 530 1204 meminisse
553 1149 855 1204 Romanam
879 1149 1065 1215 fidem,
1097 1147 1398 1221 apostolico
1427 1165 1522 1202 ore
1546 1146 1852 1215 laudatam,
1875 1148 2036 1220 cujus

160 1267 186 1297 «
219 1264 276 1300 se
300 1263 419 1301 esse
439 1245 764 1319 participem
780 1245 1148 1300 Alexandrina
1177 1244 1417 1300 Ecclesia
1446 1244 1733 1316 gloriatur.
1758 1245 2036 1317 »Degebat

152 1339 516 1412 Hieronymus
542 1340 684 1394 intra
713 1340 855 1395 fines
884 1339 1391 1412 llierosolymitanae
1417 1339 1742 1409 dioeceseOS,
1761 1346 1926 1411 atque
1953 1341 2036 1414 ip-

158 1453 281 1490 sum
316 1435 459 1490 inter
489 1441 541 1489 et
567 1435 1119 1508 llierosolymitanum
1142 1435 1435 1508 praesulem
1457 1436 1757 1490 vehemens
1777 1443 2030 1491 exortum

158 1536 275 1584 erat
298 1530 613 1597 dissidium,
646 1530 791 1602 quod
828 1548 1159 1604 componere
1194 1531 1474 1604 satagebat
1503 1531 1912 1587 Alexandrinus
1943 1535 2033 1588 Pa-

159 1626 396 1681 triarclia
431 1626 783 1699 Theophilus,
819 1627 877 1681 ln
911 1626 1072 1682 citata
1112 1633 1298 1682 autem
1345 1627 1575 1700 epistola
1621 1627 1690 1682 ad
1734 1647 1892 1684 suam
1940 1629 2034 1684 de-

156 1722 455 1778 fensionem
490 1721 545 1775 id
572 1722 751 1776 solum
792 1723 1021 1777 adduxit
1051 1723 1448 1795 Hieronymus,
1478 1740 1539 1778 56
1571 1723 1627 1776 in
1673 1725 1776 1794 fide
1796 1726 2032 1779 Romana

150 1823 465 1872 constanter
498 1818 871 1891 permansisse
901 1838 912 1869 ε
942 1819 1224 1873 aestimans
1271 1818 1484 1872 scilieet
1519 1818 1592 1871 ita
1629 1819 1764 1873 satis
1802 1820 2030 1891 probari

147 1928 202 1966 se
243 1929 360 1967 esse
385 1914 738 1969 catholicum.
775 1915 963 1987 Inepta
993 1933 1120 1970 sane
1146 1914 1392 1969 defensio
1425 1914 1471 1968 si
1495 1915 1740 1968 Romana
1773 1915 1906 1970 tides
1949 1934 2030 1971 er·

140 2026 305 2064 ronea
332 2026 450 2063 csse
490 2016 694 2082 posset.
738 2011 870 2066 Eam
907 2029 1034 2083 ergo
1077 2017 1257 2066 tutam
1301 2017 1354 2065 et
1383 2011 1739 2066 infallibilem
1791 2013 2028 2069 habebat

147 2104 527 2178 hieronymus,

224 2201 277 2254 5⁰
309 2201 365 2254 ln
390 2201 647 2274 Apologia
673 2202 935 2259 adversus
960 2202 1250 2272 Rufinum,
1280 2203 1421 2258 libro
1443 2205 1463 2257 I
1491 2204 1573 2277 (in
1594 2204 1835 2260 editione
1861 2205 2030 2261 Bene·

150 2296 504 2367 dictinorum‚
536 2299 671 2354 tomi
701 2300 884 2371 quarti
911 2306 1067 2374 parte
1096 2300 1362 2367 secunda,
1399 2300 1505 2355 eol.
1546 2301 1703 2372 555),
1745 2302 1877 2357 citat
1910 2303 2030 2358 Ilie-

153 2410 412 2467 ronymus
438 2394 620 2450 Rufini
662 2398 847 2467 verba,
885 2398 1091 2470 quibus
1134 2403 1443 2452 asseruerat
1477 2398 1726 2469 Origenis
1756 2399 1928 2453 libros
1956 2400 2029 2454 ita

153 2488 321 2545 fuisse
344 2491 410 2545 ab
438 2491 761 2566 llieronymo
788 2494 843 2547 in
878 2494 1118 2549 latinum
1147 2494 1466 2561 translatos,
1495 2501 1579 2562 ut,
1608 2494 1736 2549 lieet
1765 2494 1822 2547 in
1849 2512 2026 2565 graeco

151 2581 498 2640 inveniantur
540 2587 894 2657 offendicula,
946 2594 1192 2643 attamen
1240 2588 1372 2642 nihil
1415 2590 1468 2641 in
1514 2589 1617 2642 illis
1663 2591 1815 2658 (sunt
1860 2590 2026 2644 verba

148 2676 347 2751 Rufini)
367 2683 500 2752 quod
524 2700 556 2736 a
578 2692 758 2738 nostra
776 2685 879 2754 fide
905 2685 1157 2756 discrepet
1183 2684 1375 2738 latinus
1404 2683 1564 2739 lector
1583 2686 1832 2739 inveniat.
1858 2686 2025 2741 Voces

148 2773 267 2831 illas
300 2795 331 2831 a
359 2787 536 2834 nostra
565 2781 668 2850 sicle
694 2781 772 2836 sic
806 2781 983 2854 carpit
1011 2781 1374 2854 Hieronymus
1404 2803 1414 2834 :

221 2870 557 2943 «Simulque
583 2880 635 2928 et
662 2875 764 2929 hoc
798 2875 865 2930 ab
900 2893 962 2930 eo
987 2892 1198 2946 quaero,
1232 2875 1366 2947 quid
1409 2875 1516 2931 sibi
1542 2876 1672 2931 velit
1699 2895 1880 2932 sermo
1907 2897 2024 2932 mo-

44 3004 58 3018 .
146 2987 173 3015 «
200 2965 420 3020 (le-ratus
459 2973 511 3021 et
549 2967 789 3024 dubius:
819 2971 982 3039 Nihil,
1024 2971 1228 3043 inquit,
1260 2975 1313 3026 in
1347 2973 1454 3026 illis
1484 2973 1621 3044 quod
1652 2993 1679 3025 A
1710 2991 1814 3025 rme
1838 2991 2023 3026 &osum

146 3081 174 3110 α
203 3062 454 3129 discrepet
497 3061 689 3116 latinus
735 3065 897 3119 lector
927 3070 1177 3122 inveniet.
1221 3068 1406 3123 Fidem
1443 3086 1593 3122 suam
1629 3084 1798 3137 quam
1830 3068 2022 3119 vocat?

147 3174 175 3203 «
206 3153 409 3207 Eamne
444 3171 551 3223 qua
576 3155 819 3211 Romana
857 3161 1025 3231 pollet
1049 3163 1321 3218 Ecclesia?
1348 3165 1428 3216 An
1463 3163 1617 3215 illam
1657 3178 1780 3231 quac
1815 3160 1871 3213 in
1901 3160 2020 3214 Ori-

149 3269 175 3298 «
205 3248 361 3319 genis
402 3249 776 3306 voluminibus
817 3257 1167 3312 continetur?
1209 3258 1263 3310 Si
1303 3259 1607 3311 Romanam
1650 3257 2016 3329 responderit,

147 3361 332 3415 «ergo
378 3351 472 3398 aut
519 3347 771 3401 catholici
819 3366 1032 3418 sumus,
1087 3351 1181 3421 qui
1230 3352 1368 3405 nihil
1414 3352 1483 3406 de
1529 3353 1780 3424 Origenis
1833 3372 2019 3410 errore

146 3440 610 3497 «transtulimus.
647 3462 673 3493 »
717 3442 887 3514 Igitur
926 3462 995 3499 ne
1039 3445 1121 3499 vel
1159 3446 1457 3501 minimum
1508 3447 1795 3504 dubitabat
1833 3450 2015 3506 lliero-

144 3553 364 3609 nymus‚
402 3538 537 3610 quin
583 3557 759 3594 unum
805 3547 857 3595 et
899 3540 1043 3596 idem
1086 3543 1247 3613 soret,
1279 3562 1390 3599 esse
1424 3546 1727 3618 catholiam,
1766 3552 1818 3603 et
1857 3548 2017 3618 fidem
