2372 4108
938 264 1063 311 PARS
1093 263 1264 311 PRIMA.
1991 266 2051 312 55

164 373 430 428 considere
437 374 616 444 jussit.
640 371 706 428 Et
728 371 896 442 infra,
926 370 1135 427 ibidem
1165 392 1176 424 :
1205 372 1490 429 Constabat
1522 372 1718 445 pietate
1741 373 1922 444 viqens
1951 371 2052 428 Ec-

170 471 328 526 clesia
355 470 557 541 Romae,
583 472 870 543 composita
903 487 936 524 a
959 469 1143 539 Petra,
1172 471 1313 542 cujus
1338 487 1606 526 successor
1630 477 1679 526 et
1711 472 1823 543 ipse
1839 471 2054 544 jamque

163 569 277 624 Ioco
335 586 472 623 nono
541 567 836 641 cathedram
884 567 1113 639 suscepit
1171 565 1422 639 Hyyinus.
1487 568 1614 623 Post
1662 567 1798 622 hune
1863 567 2055 625 deinde

167 666 320 736 Pius,
355 671 461 721 etc.

245 764 297 817 5⁰
333 761 704 817 Tertullianus.
756 792 811 800 —
847 759 1009 814 Libro
1052 758 1119 814 de
1155 759 1644 831 Praescriptionibus
1667 803 1682 830 ,
1721 762 1902 836 capite
1937 782 2009 818 xx
2040 784 2052 817 ε

169 879 197 910 «
222 857 373 912 Sicut
403 857 813 930 Smyrnaeorum
841 854 1082 912 Ecclesia
1106 854 1470 929 Polycarpum
1498 854 1566 910 ab
1588 855 1839 910 Johanne
1870 858 2056 913 conlo-

166 962 355 1010 catum
385 953 587 1023 refert,
622 953 764 1009 sicut
806 953 1188 1008 Romanorum
1221 952 1559 1008 Clementem
1591 970 1623 1007 a
1652 952 1811 1008 Petro
1846 954 2062 1008 ordina·

169 1059 277 1104 tum
303 1050 484 1105 itidem
498 1073 515 1115 ‚·
550 1049 780 1123 perinde
800 1049 994 1122 utique
1017 1054 1070 1104 et
1097 1054 1306 1104 caeterae
1332 1049 1618 1118 exhibent,
1643 1067 1783 1122 quos
1806 1049 1875 1104 ab
1897 1049 2062 1123 Apos-

171 1147 296 1203 tolis
333 1147 391 1202 in
430 1147 749 1222 episcopatu
797 1146 1128 1203 constitutos
1170 1146 1473 1221 Apostolici
1519 1145 1753 1202 seminis
1798 1146 2062 1202 traduces

171 1244 424 1300 habeant.
459 1267 485 1298 »
512 1245 565 1300 Si
591 1247 808 1316 PetrUS‚
838 1263 1004 1318 quem
1034 1244 1169 1300 alibi
1202 1243 1389 1299 Romae
1415 1263 1647 1319 passum
1677 1243 1811 1300 dicit
1844 1244 2060 1300 Tertul-

174 1342 380 1411 lianUS,
413 1344 745 1418 Episcopum
782 1344 1165 1399 Romanorum
1201 1342 1494 1399 constituit
1529 1343 1890 1409 Clementem,
1928 1360 2064 1399 sane

174 1441 290 1514 ipse
322 1441 627 1497 Romanam
649 1441 948 1496 Ecclesiam
983 1441 1347 1496 constituerat
1385 1458 1448 1495 ac
1481 1447 1726 1509 rexerat,
1760 1446 2061 1511 antequam

175 1537 506 1593 Clementem
533 1538 639 1592 sibi
671 1538 1052 1594 substitueret.

255 1638 306 1691 4⁰
338 1637 393 1692 S.
424 1635 737 1708 Cyprianus.
775 1667 844 1676 —
876 1657 903 1688 «
943 1636 1207 1707 Navigare
1237 1635 1442 1690 audent
1485 1635 1553 1689 ad
1585 1635 1734 1691 Petri
1764 1635 2066 1691 cathedram

177 1740 342 1805 atque
393 1733 692 1787 Ecclesiam
733 1732 1153 1806 Principalem»
1215 1732 1407 1804 (Epist.
1451 1732 1523 1799 5,
1582 1732 1650 1787 ad
1697 1733 2062 1804 Cornelium).

179 1852 205 1882 «
253 1830 387 1884 Cum
419 1828 648 1885 Fabiani
692 1829 870 1898 locus,
900 1829 956 1884 id
976 1834 1082 1898 est,
1113 1829 1257 1883 locus
1290 1828 1434 1883 Petri
1473 1835 1525 1884 et
1547 1829 1757 1901 gradus
1788 1829 2066 1885 cathedrae

174 1926 535 1983 sacerdotalis
577 1931 795 1981 vacaret
830 1947 856 1978 »
917 1924 1099 1997 (Libro
1131 1925 1215 1994 lv,
1252 1925 1416 2000 epist.
1444 1926 1500 1997 2,
1527 1926 1594 1981 ad
1633 1926 2062 1999 Antonianum).

171 2024 283 2079 Nisi
315 2023 683 2079 existimasset
711 2030 968 2079 sanctum
999 2023 1220 2079 Petrum
1249 2040 1441 2079 revera
1472 2023 1646 2080 fuisse
1675 2025 1929 2099 primum
1957 2025 2063 2082 Ro·

175 2139 354 2177 manae
380 2121 537 2177 urbis
563 2121 918 2195 Episcopum,
945 2121 1113 2193 hujus
1138 2121 1295 2177 urbis
1323 2120 1510 2177 sedem
1545 2140 1658 2177 non
1686 2129 1935 2179 vocasset
1964 2123 2064 2179 Pe-

176 2222 246 2274 tri
269 2220 456 2289 Iocum,
489 2220 634 2274 Petri
663 2220 980 2274 cathedram.

254 2318 308 2371 5⁰
345 2317 617 2372 Eusebius.
639 2349 708 2357 —
750 2337 778 2367 «
814 2316 1031 2386 Petrus⁹
1068 2314 1291 2371 natione
1312 2314 1592 2386 Galilaeus,
1621 2315 2064 2372 christianorum

179 2411 427 2466 Pontifex
467 2413 707 2484 primus,
739 2432 868 2469 cum
899 2414 1149 2488 primum
1176 2413 1574 2469 Antiochenam
1608 2413 1911 2470 Ecclesiam
1939 2414 2066 2470 fun·

185 2506 389 2577 desset,
422 2506 654 2562 Romam
689 2509 1080 2580 proficiscitur,
1108 2509 1206 2565 ubi
1234 2509 1593 2582 Evangelium
1624 2510 1956 2583 praedicans,
1982 2511 2063 2565 vi-

182 2602 322 2674 ginti
357 2603 604 2675 quinque
643 2605 802 2659 annis
843 2607 1070 2676 ejusdem
1107 2607 1247 2660 urbis
1282 2605 1565 2677 Episcopus
1586 2611 1949 2678 perseverat»
1985 2606 2065 2677 (In

182 2698 440 2754 chronico
466 2701 595 2754 anni
624 2699 740 2770 44).

257 2795 311 2849 6ο
340 2797 683 2869 Epiphanius.
714 2828 783 2836 —
819 2796 1261 2870 «Episcoporum
1304 2796 1362 2851 in
1386 2797 1558 2853 Roma
1603 2797 1881 2854 successio
1919 2800 2062 2856 hanc

185 2895 643 2965 consequentiam
687 2894 880 2949 habuit
907 2915 917 2947 :
947 2894 1139 2951 Petrus
1170 2902 1222 2951 et
1253 2895 1480 2966 PauluS‚
1508 2895 1696 2967 Linus,
1724 2896 1929 2966 Cletus,
1958 2898 2067 2954 Cle-

187 3008 366 3059 menS,
397 2990 696 3061 EvaristuS,
727 2998 832 3047 etc.
862 3012 889 3044 »
919 2990 1163 3064 (Haeresi,
1193 2992 1305 3064 27).-

265 3086 314 3139 7Ο
348 3087 403 3144 S.
433 3088 754 3143 Ambrosius.
801 3119 870 3129 —
911 3110 938 3140 «
977 3089 1179 3145 Auctor
1211 3096 1294 3145 est
1331 3089 1492 3145 nobis
1535 3089 1703 3163 hujus
1742 3091 2065 3148 assertionis

185 3181 378 3237 Petrus
407 3183 718 3256 ApostoluS,
753 3184 848 3256 qui
877 3186 1124 3240 sacerdos
1154 3185 1255 3255 fuit
1294 3186 1543 3242 Ecclesiae
1566 3187 1816 3242 Romanae
1841 3208 1868 3239 »
1924 3187 2066 3254 (Post

186 3278 477 3351 epistolam
509 3279 602 3349 20,
649 3280 846 3336 elassis
879 3281 1093 3355 primae,
1129 3287 1279 3338 tomo
1307 3282 1396 3352 ΙΙΙ,
1423 3301 1550 3356 pag.
1590 3281 1758 3350 1010,
1803 3282 2067 3339 editionis

184 3375 406 3448 Migne).
457 3377 609 3440 Quod
644 3378 699 3430 in
731 3378 973 3451 antiquis
1028 3380 1397 3453 scriptoribus
1430 3379 1575 3434 idem
1608 3379 1678 3435 sit
1718 3379 1974 3437 Sacerdos
2003 3401 2066 3440 ac

187 3474 490 3548 Episcopus
510 3519 524 3545 ,
558 3476 792 3532 eruditis
820 3478 1100 3550 explorata
1126 3495 1215 3532 res
1244 3484 1346 3533 est.

261 3574 314 3627 8⁰
353 3571 664 3628 Dorotheus.
692 3606 766 3613 —
798 3595 826 3626 «
865 3574 1032 3629 Linus
1062 3581 1185 3649 post
1225 3574 1581 3649 Coryphaeum
1621 3575 1846 3633 Petrum
1878 3578 2066 3637 Romae

182 3667 486 3743 Episcopus
512 3669 618 3726 fuit
650 3692 676 3724 »
709 3671 793 3743 (In
819 3673 1084 3745 synopsi).
